2170 3510
824 102 1090 153 Argumenta
1116 96 1290 138 metrica
1886 97 1956 160 63

867 442 1236 491 APPENDIX

656 597 672 627 1
682 616 692 627 .
720 585 1127 627 ARGVMENTA
1155 582 1446 624 METRICA

288 691 342 731 In
378 701 503 730 verso
541 688 691 743 papyri
721 687 909 730 Ghoran.
938 687 999 728 11.
1039 685 1179 738 (huius
1217 683 1478 726 collectionis
1506 697 1570 724 nr.
1600 685 1642 736 4)
1678 683 1764 724 duo
1794 682 1960 736 prologi

144 762 429 810 inveniuntur,
458 761 534 815 qui
562 761 667 801 editi
686 767 787 801 sunt
813 774 840 801 a
858 761 909 801 P.
927 761 1114 812 Jouguet
1141 770 1227 798 una
1245 768 1342 797 cum
1363 757 1436 796 Fr.
1456 755 1580 797 Blass
1609 761 1654 796 et
1673 756 1733 797 U.
1752 754 1958 796 Wilcken

145 843 189 876 et
216 834 311 875 aliis
338 834 383 874 in
407 833 558 874 eodem
584 832 668 873 vol.
688 833 843 872 XXX
863 830 1143 885 ephemeridis
1164 827 1276 870 Ball.
1307 828 1361 869 de
1382 828 1664 882 Correspond.
1685 826 1961 879 Hellenique,

143 919 188 961 p.
222 914 301 959 125
318 918 383 959 sq.
431 914 507 957 131
527 917 591 958 sq.
637 914 713 957 141
732 917 798 958 sq.
844 902 940 957 146.
998 903 1191 956 Egerunt
1229 901 1284 941 de
1323 900 1377 941 iis
1405 902 1464 940 A.
1495 900 1664 940 Koerte
1693 899 1738 955 in
1767 899 1958 938 Hermae

144 978 230 1020 vol.
260 988 314 1032 43
345 977 490 1029 (1908)
520 990 563 1031 p.
594 988 652 1029 40
680 984 724 1017 et
742 975 1107 1017 Wilamowitzius
1135 974 1180 1015 in
1209 974 1351 1015 annal.
1379 973 1501 1014 novis
1536 971 1644 1023 1908
1675 984 1718 1025 p.
1749 980 1805 1023 34
1819 982 1884 1023 sq.
1916 975 1962 1009 et

144 1050 199 1091 E.
219 1050 400 1091 Norden
429 1049 476 1089 in
497 1048 608 1089 libro
626 1051 847 1101 Agnostos
866 1046 1010 1088 Theos
1033 1049 1177 1099 (1913)
1207 1061 1250 1101 p.
1270 1045 1356 1099 378
1386 1051 1430 1085 et
1451 1044 1675 1098 praecipue
1695 1042 1778 1084 Gu.
1797 1040 1958 1081 Michel

145 1121 191 1162 in
220 1121 515 1163 dissertatione
543 1133 643 1161 sua:
674 1120 745 1160 De
764 1119 1001 1160 fabularum
1023 1119 1276 1160 Graecarum
1305 1116 1562 1171 argumentis
1591 1114 1776 1155 metricis
1797 1113 1963 1161 Gissae,

151 1193 277 1245 1908.
305 1206 348 1247 p·
380 1192 436 1245 36
451 1206 517 1247 «1-

289 1264 525 1306 Columnae
567 1263 648 1305 hae
693 1263 874 1316 scriptae
915 1270 1015 1304 sunt
1058 1276 1084 1303 a
1127 1263 1291 1303 duabus
1334 1261 1545 1307 manibus,
1589 1271 1767 1313 quarum
1810 1262 1963 1297 neutra

145 1337 295 1378 eadem
325 1343 404 1386 est,
434 1349 544 1390 quae
573 1342 737 1377 textum
767 1335 1013 1376 comoediae
1032 1335 1076 1374 in
1106 1340 1220 1375 recto
1249 1334 1400 1387 papyri
1437 1332 1615 1386 scripsit.
1673 1331 1772 1371 Iure
1800 1336 1957 1370 utram·

144 1420 229 1462 que
256 1409 505 1462 scripturam
536 1409 716 1461 tempori
745 1420 831 1448 non
859 1407 995 1447 multo
1024 1407 1248 1461 posteriori
1287 1411 1428 1446 textus
1456 1402 1702 1446 comoediae
1739 1403 1960 1456 scriptura,

140 1479 168 1520 i.
190 1492 227 1520 e.
249 1479 419 1522 saeculo
440 1494 478 1521 a.
494 1479 594 1522 Chr.
611 1493 652 1520 n.
679 1480 762 1520 In.
779 1480 963 1528 exeunti,
986 1478 1300 1519 attribuendam
1321 1490 1415 1518 esse
1437 1475 1658 1517 contendit
1684 1476 1766 1517 Gu.
1782 1475 1956 1516 Michel.

289 1551 485 1604 Uterque
513 1550 715 1605 prologus
743 1550 926 1591 artificio
965 1550 1152 1603 quodam
1187 1549 1415 1590 instructus
1445 1555 1523 1590 est.
1581 1549 1635 1589 In
1663 1548 1803 1601 priore
1830 1559 1959 1588 unus·

144 1623 326 1677 quisque
363 1635 509 1663 versus
547 1623 697 1664 ordine
735 1622 960 1663 verborum
999 1622 1167 1662 inverso
1206 1622 1411 1675 repetitur
1449 1619 1707 1672 (huiusmodi
1746 1631 1961 1667 versuum,

144 1693 369 1745 anacyclici
398 1696 473 1748 qui
502 1701 722 1743 vooentur,
762 1693 958 1747 exempla
990 1702 1130 1734 cetera
1157 1692 1330 1746 collegit
1357 1691 1533 1743 Michel,
1563 1691 1591 1732 1.
1622 1692 1649 1732 1.
1681 1705 1722 1745 p.
1755 1688 1961 1745 50—53),

146 1766 190 1807 111
229 1767 463 1820 posteriore
503 1772 645 1807 autem
685 1773 784 1820 post
812 1766 1076 1820 prooemium
1119 1771 1412 1819 argumentum
1452 1776 1503 1805 eo
1533 1764 1665 1804 modo
1704 1763 1958 1817 explicatum

144 1844 250 1887 erat,
278 1844 327 1878 ut
356 1850 502 1879 versus
531 1837 685 1891 singuli
713 1852 739 1878 a
766 1837 918 1878 litteris
949 1837 1182 1891 inciperent
1209 1837 1424 1878 adornatis
1453 1832 1549 1878 κατ’
1580 1833 1858 1895 ἀλφάβητον.

288 1909 342 1949 111
377 1909 517 1963 priore
555 1922 631 1963 per
669 1909 926 1963 Cupidinem
967 1915 1213 1950 enarrantur
1250 1907 1376 1949 haec:
1418 1909 1622 1948 Iuvenem
1662 1907 1876 1960 quendam
1914 1906 1959 1946 in

144 1980 267 2021 Ionia
303 1980 508 2034 virginem
537 1981 815 2021 Troezeniam
855 1981 1022 2029 emisse,
1053 1988 1110 2029 et,
1150 1993 1247 2021 cum
1277 1980 1369 2033 ipse
1399 1979 1503 2020 civis
1532 1979 1791 2019 Troezenius
1821 1979 1959 2019 factus

143 2058 272 2100 esset.
300 2052 345 2092 in
374 2052 688 2093 matrimonium
718 2064 812 2093 eam
841 2051 1027 2093 duxisse.
1086 2052 1138 2091 In
1167 2051 1302 2092 altero
1332 2051 1484 2091 Venus
1515 2063 1561 2091 se
1590 2050 1957 2104 pronuntiaturum

144 2134 238 2163 etse
277 2122 395 2172 dicit,
432 2122 538 2176 quid
578 2122 623 2163 in
651 2122 813 2177 oppido
842 2122 916 2163 illo
945 2135 1021 2177 per
1049 2134 1096 2163 se
1123 2129 1290 2176 gestum
1319 2122 1388 2163 sit.
1447 2122 1548 2175 Ipsa
1576 2128 1719 2162 autem
1750 2120 1962 2162 enarratio

144 2206 230 2235 non
261 2201 411 2235 mnt-

290 2266 388 2307 Iure
416 2277 565 2307 omnes
594 2264 674 2307 hos
708 2264 906 2319 prologos
935 2265 1038 2306 satir
1066 2265 1273 2306 absurdos
1305 2265 1359 2306 ab
1389 2264 1483 2319 ipso
1513 2264 1758 2305 comoediae
1786 2270 1960 2305 auctore

146 2336 282 2378 iactas
312 2349 399 2378 non
429 2349 523 2378 esse
551 2337 872 2379 contenderunt.
931 2337 1018 2379 Sed
1048 2337 1175 2378 etiam
1206 2336 1392 2377 Koertio
1431 2342 1475 2377 et
1504 2334 1708 2376 Michelio
1738 2335 1960 2385 assentior,

144 2408 219 2462 qui
258 2419 332 2450 eoo
371 2409 415 2449 in
452 2407 618 2450 theatro
655 2409 949 2463 pronuntiatos
978 2420 1196 2462 nunquam
1227 2420 1333 2458 esse,
1372 2407 1504 2448 immo
1545 2407 1587 2447 in
1615 2412 1958 2460 argumentorum

144 2482 267 2533 quui
285 2479 553 2522 metricorum
568 2492 746 2521 nurnero
760 2479 979 2521 habendos
1002 2492 1095 2521 esse
1110 2480 1342 2521 docuerunt
1356 2478 1427 2531 (cf.
1448 2478 1575 2520 etiam
1592 2478 1644 2519 E.
1661 2478 1841 2519 Norden
1856 2478 1881 2519 1.
1900 2478 1958 2530 1.).

289 2549 376 2592 Sed
405 2563 501 2592 cum
530 2558 782 2593 censuerunt
803 2564 952 2592 omne·
972 2552 1235 2605 interpretes,
1266 2564 1339 2592 eos
1368 2551 1579 2605 pertinere
1608 2550 1664 2591 ad
1692 2549 1956 2592 comoediam

145 2632 254 2670 eam,
293 2633 317 2662 e
345 2634 431 2675 qua
470 2634 566 2676 pan
596 2634 749 2676 magna
777 2623 821 2663 111
851 2629 966 2664 recto
994 2623 1182 2664 eiusdem
1214 2624 1362 2677 papyri
1391 2628 1529 2663 exstat
1560 2621 1626 2674 (fr.
1656 2619 1716 2675 4),
1756 2621 1959 2662 erravisse

145 2691 249 2733 1111111
288 2693 497 2735 videntur.
566 2694 681 2735 Nam
721 2693 837 2735 nullo
877 2694 1006 2735 modo
1041 2694 1167 2735 verba
1207 2694 1356 2748 prioris
1386 2693 1548 2748 prologi
1582 2693 1707 2735 haec:
1749 2690 1960 2751 ἰραοθεὶς

145 2761 327 2822 {epieto
365 2764 420 2805 ad
460 2763 686 2806 Phaediml
724 2778 910 2806 amorem
954 2766 1087 2820 aptari
1128 2772 1318 2820 possunt.
1387 2766 1502 2807 Nam
1542 2777 1681 2819 neque
1720 2765 1957 2819 quisquam,

144 2835 248 2889 quin
278 2835 442 2877 iuvenis
471 2834 541 2878 hic
569 2836 726 2891 primas
755 2837 798 2877 in
828 2849 878 2878 ea
896 2837 1117 2879 comoedia
1135 2846 1275 2893 partes
1305 2837 1449 2891 egerit.
1479 2836 1703 2885 dubitavit,
1733 2842 1776 2876 et
1805 2835 1840 2875 is
1871 2847 1956 2876 non

143 2918 309 2948 servam
329 2907 532 2962 aliquam,
561 2907 638 2950 aed
658 2906 831 2950 liberam
852 2908 1035 2963 puellam
1056 2916 1186 2958 amat,
1215 2908 1335 2951 cuius
1355 2916 1518 2963 patrem
1540 2908 1583 2949 in
1603 2919 1798 2949 scaenam
1829 2906 1958 2947 intro-

144 2977 317 3021 ducum
348 2990 441 3020 ease
470 2978 677 3020 videmus.
737 2978 820 3030 (cf.
850 2992 890 3021 v,
922 2990 1134 3034 99—104.
1195 2980 1324 3035 Quod
1352 2993 1447 3022 cum
1479 2981 1521 3020 in
1551 2979 1796 3020 comoediae
1835 2978 1958 3018 initio

144 3048 236 3099 flat,
250 3049 434 3104 puellam
450 3062 613 3092 servam
631 3050 761 3091 tuisne
775 3058 819 3092 et
833 3063 858 3091 a
873 3051 1117 3105 parentibus
1132 3050 1199 3093 his
1214 3051 1399 3106 agnitam
1417 3062 1509 3093 esse
1523 3063 1610 3092 non
1625 3049 1723 3091 licet
1737 3049 1957 3099 arbitrari.)

288 3121 619 3164 eoncedendum
659 3129 724 3164 est
763 3122 949 3165 Koertio
988 3123 1082 3164 sieri
1121 3135 1260 3177 poue,
1298 3129 1346 3164 ut
1384 3122 1630 3164 comoediae
1669 3121 1767 3162 huic
1802 3131 1956 3161 nomen
2027 3141 2030 3145 ·

148 3191 275 3234 fuerit
314 3190 575 3254 Τροιζηνία,
616 3194 696 3235 nisi
735 3193 839 3235 haec
877 3205 962 3236 vox
1000 3193 1055 3235 ab
1093 3201 1264 3236 auctore
1299 3194 1396 3236 ideo
1426 3193 1559 3235 electa
1588 3200 1667 3242 est,
1704 3199 1753 3234 ut
1782 3192 1827 3233 in
1856 3190 1959 3245 ipsis

143 3265 260 3307 aonia
290 3261 559 3326 Τροιζηνίαν
586 3265 687 3310 νέαν
715 3263 938 3317 νεανίσκος
968 3266 1111 3309 ludere
1135 3273 1279 3322 ponet
1310 3266 1378 3317 (cf.
1400 3264 1647 3307 Michelium
1679 3264 1707 3306 l.
1739 3263 1768 3307 1.
1797 3278 1837 3319 p.
1871 3265 1956 3318 40).
