2170 3510
204 117 264 152 12
697 113 861 143 NOVAE
889 112 1168 144 cononum
1195 114 1496 145 FRAGMENTA

343 244 464 297 Quae
506 244 739 297 fragmenta
769 251 934 298 praeter
962 258 1165 298 papyrum
1199 246 1342 286 Flind.
1372 246 1487 287 Petr.
1521 260 1548 300 4
1586 249 1727 289 omnia
1766 262 1818 290 ex
1854 251 2002 291 eadem

197 315 335 356 rotula
375 327 608 368 papyracea
649 322 815 356 servata
855 328 946 356 esse
985 317 1218 357 docuerunt
1257 317 1446 357 Grenfell
1486 324 1528 358 et
1557 319 1696 368 Hunt,
1734 333 1828 363 cum
1868 327 1911 362 et
1949 322 2003 362 ab

198 387 347 427 eadem
388 399 517 426 manu
557 386 711 439 scripta
740 387 838 435 sint,
878 393 921 427 et
950 388 994 427 in
1023 388 1116 428 vico
1151 387 1300 428 Hibeh
1329 389 1373 428 in
1415 389 1673 442 sarcophago
1712 389 1866 432 chartis
1906 404 2003 433 0011-

196 458 310 498 fecto
339 458 511 497 inventa
543 470 592 497 ea
622 469 715 498 esse
735 464 809 498 aut
828 464 991 498 constet
1010 465 1083 498 aut
1102 459 1190 498 veri
1210 459 1469 500 simillimum
1489 461 1558 509 sit,
1589 467 1632 501 et
1650 462 1695 501 in
1714 474 1835 503 verso
1854 462 2003 517 papyri

196 528 346 568 Hibeh
377 538 398 581 5
424 528 476 580 (a)
511 534 555 569 et
582 528 729 582 papyri
760 529 949 579 Ryland.
980 530 1031 570 fr.
1063 540 1086 568 2
1120 530 1378 571 elocutiones
1407 532 1662 572 Homericae
1691 534 1843 573 eodem
1872 534 2003 575 modo

198 599 469 654 explicentur.

338 672 553 725 Papyrum
593 677 735 712 autem
770 672 808 710 F
809 671 913 712 lind.
946 672 1061 712 Petr.
1093 685 1120 725 4
1159 686 1255 712 cum
1292 672 1358 714 his
1399 687 1491 714 esse
1530 676 1866 728 coniungendam
1905 677 2006 717 inde

195 744 392 796 cognovi,
421 743 539 796 quod
567 756 676 796 quae
705 744 749 782 in
779 742 903 784 huius
925 745 1073 797 papyri
1093 744 1287 784 columna
1315 746 1446 786 altera
1473 746 1670 799 leguntur
1687 761 1820 800 pauca
1848 760 2003 788 novem

195 826 391 854 versuum
431 815 559 854 verba
598 814 641 854 in
678 815 827 867 papyri
871 815 1020 855 Hibeh
1061 824 1100 868 5.
1141 816 1377 868 fragmento
1415 818 1601 858 maximo
1641 818 1792 859 eodem
1831 820 1926 860 loco
1962 826 2006 861 et

196 885 344 925 ordine
384 885 429 924 in
467 897 622 925 novem
657 897 855 925 versuum
902 886 1032 925 initiis
1071 886 1354 936 inveniuntur,
1399 894 1447 928 ut
1485 889 1663 929 duorum
1709 890 1898 930 eiusdem
1937 903 2004 932 co-

195 957 391 997 moediae
421 957 614 997 codicum
644 962 784 1009 partes
804 958 1017 1010 putandae
1047 957 1144 998 sint.
1187 958 1298 999 Sunt
1325 965 1467 999 autem
1487 972 1595 1012 quae
1615 968 1848 1013 congruunt
1876 961 2004 1004 haec:

196 1073 303 1126 Pap.
334 1071 400 1111 Fl.
431 1072 546 1113 Petr.
578 1083 605 1124 4
1171 1073 1278 1126 Pap.
1311 1073 1460 1114 Hibeh
1493 1083 1514 1127 5

194 1156 274 1225 νῖᾳ[
756 1156 950 1202 κάνθάδε
981 1158 1325 1218 κατ[ω]ική1ιασι
1356 1159 1511 1210 πάντες
1543 1159 1585 1203 οἱ
1614 1159 1732 1212 θεοί,

194 1229 274 1295 aff
756 1229 832 1294 κ-αὶ
861 1234 931 1272 νῦν
963 1227 1021 1272 ἔτ’
1053 1227 1137 1272 εἰσὶ
1167 1230 1241 1273 καὶ
1271 1231 1502 1289 γεγόνασιν
1532 1230 1689 1275 ἐνθάδε
1722 1257 1776 1263 -

196 1312 404 1372 Στροβιλ[
759 1313 1290 1372 Στρόβιλε-Ἀπολλον
1319 1316 1394 1359 καὶ
1423 1316 1540 1366 θεοί,
1567 1322 1643 1360 τοῦ
1674 1317 1917 1375 πνεύματος
1947 1342 2004 1349 -

195 1374 241 1451 -ἶ-
263 1383 386 1439 δοστ[
757 1375 837 1428 ἷαῖ
867 1384 1075 1443 δυστυχὲς
1106 1384 1373 1444 Στ<ρ>ὁβιλε
1392 1412 1441 1417 -
1462 1386 1526 1437 τίς
1554 1387 1784 1456 κὲῃ[λη]1.ι.ἑ
1815 1389 1914 1447 μ[ε;
1948 1413 2004 1420 -

196 1455 358 1524 ξγώ-
377 1457 427 1499 σὺ
466 1457 484 1512 [
759 1455 920 1521 {Juss—
938 1457 988 1499 σὺ
1019 1455 1058 1499 ’δ’
1089 1452 1127 1499 εἷ
1149 1457 1244 1511 ’τίςς
1277 1454 1312 1500 ὦ
1341 1458 1539 1517 κράτιστε
1570 1466 1653 1502 τῶν
1682 1459 1843 1515 θ·[εῶ]ν

197 1527 258 1596 ᾡς
289 1524 352 1577 εἰς
381 1526 488 1583 καλ[
760 1528 820 1578 ὡς
851 1525 914 1578 εἰς
942 1527 1112 1583 καλ[ὀν]
1151 1526 1189 1596 o’
1221 1529 1599 1598 ἑὸρα[κ]ᾳ-τις[

196 1627 378 1683 639991·
403 1613 437 1669 ·[
761 1613 873 1681 0020[

195 1697 239 1755 -1
758 1689 811 1767 n

193 1767 339 1838 ο-ῦδε-Ξὶς
372 1771 390 1825 [
761 1768 858 1826 οὒδ[

338 1900 532 1939 Numero
561 1906 703 1940 autem
724 1912 919 1940 versuum
950 1901 1240 1953 digrediuntur
1258 1914 1511 1954 papyrorum
1537 1900 1770 1950 columnae,
1801 1914 1897 1941 cum
1929 1901 2000 1942 alii

193 1982 338 2009 versus
369 1970 412 2009 in
442 1983 602 2024 papyro
631 1971 773 2011 Flind.
805 1972 919 2012 Petr.
960 1979 1087 2025 atque
1116 1973 1161 2011 in
1190 1984 1352 2025 papyro
1382 1971 1530 2012 Hibeh
1561 1981 1582 2024 5
1616 1973 1732 2013 iuxta
1761 1972 1855 2013 illos
1885 1985 1996 2013 com-

193 2053 343 2081 munes
373 2041 566 2093 legantur
592 2043 637 2081 111
666 2042 872 2082 columnis
902 2044 1261 2084 antecedentibus.

192 2141 242 2180 fr.
274 2154 298 2180 a
338 2141 390 2180 In
433 2147 679 2193 argumento
723 2142 968 2182 comoediae
1018 2143 1265 2195 explicando
1314 2143 1481 2182 initium
1525 2143 1737 2196 capiamus
1781 2156 1806 2183 a
1850 2143 1999 2196 papyri

339 2212 486 2252 Grenf.
518 2213 564 2251 II
594 2212 618 2252 8
642 2213 697 2264 (b)
730 2214 964 2265 fragmento
994 2215 1044 2260 Ι.,
1081 2215 1197 2267 quod
1227 2227 1250 2254 e
1280 2214 1447 2254 fabulae
1486 2220 1582 2254 actu
1620 2215 1756 2267 primo
1786 2220 1996 2254 servatum

337 2296 429 2323 esse
458 2290 575 2336 puto.
636 2284 789 2324 Servus
821 2286 947 2334 enim,
986 2286 1051 2326 cui
1082 2298 1237 2326 nomen
1267 2298 1359 2325 esse
1387 2285 1573 2326 Strobilo
1604 2298 1627 2324 e
1657 2285 1804 2338 fragm.
1837 2285 1866 2324 d
1902 2298 1999 2325 con-

338 2354 452 2395 cludi
488 2362 644 2407 potest,
686 2356 768 2395 sibi
807 2369 899 2396 esse
938 2357 1192 2409 imperatum
1229 2363 1381 2405 narrat,
1421 2362 1470 2397 ut
1509 2357 1625 2396 omni
1663 2357 1792 2396 modo
1827 2356 1998 2397 efficere

336 2432 523 2475 conetur,
562 2433 611 2466 ut
640 2427 835 2467 dominus
865 2427 1026 2467 iuvenis
1057 2428 1197 2480 puella
1224 2434 1363 2467 amata
1391 2428 1588 2480 potiatur.
1648 2427 1704 2467 Se
1732 2428 1994 2477 mandatum,

337 2503 540 2549 quantum
579 2499 778 2551 potuerit,
819 2505 1061 2538 exsecutum
1102 2511 1215 2546 esse;
1257 2499 1489 2551 repperisse
1529 2511 1574 2538 se
1614 2498 1788 2538 domum
1832 2498 1995 2550 puellae

338 2568 453 2617 dicit,
484 2569 643 2622 alloqui
670 2577 812 2610 autem
845 2583 937 2610 eam
967 2583 1013 2610 se
1043 2582 1129 2610 non
1159 2571 1362 2623 potuisse.

192 2653 243 2693 fr.
275 2653 303 2692 b
341 2652 422 2694 Cui
449 2654 685 2707 fragmento
719 2669 814 2708 pap.
847 2655 949 2709 Ryl.
982 2656 1262 2708 fragmentum
1293 2656 1327 2695 I.
1369 2656 1507 2708 spatio
1542 2656 1726 2708 quodam
1756 2655 1994 2696 intermisso

336 2726 678 2778 postponendum
719 2739 811 2766 esse
849 2733 967 2779 puto,
1008 2728 1051 2766 in
1092 2740 1178 2779 quo
1218 2727 1333 2767 idem
1363 2740 1507 2767 servus
1542 2727 1716 2767 domino
1746 2739 1823 2766 suo
1851 2726 1995 2777 obicit,

336 2797 454 2849 quod
491 2803 664 2850 propter
700 2797 883 2850 puellam
923 2804 1104 2838 amatam
1136 2798 1208 2838 tali
1238 2805 1355 2851 patre
1394 2811 1440 2838 se
1468 2798 1691 2851 privaverit
1719 2810 1857 2850 neque
1886 2796 1996 2837 hanc

334 2880 423 2907 rem
452 2869 633 2921 graviter
661 2870 769 2908 ferre
798 2869 1003 2910 videatur.

192 2952 244 2992 fr.
276 2966 298 2993 c
337 2954 406 2993 De
446 2955 636 2994 eiusdem
675 2955 836 2995 iuvenis
875 2968 1017 2995 amore
1058 2955 1125 3008 agi
1164 2956 1330 2996 videtur
1371 2956 1413 2995 in
1453 2969 1550 3009 pap.
1588 2954 1728 2994 Flind.
1770 2954 1884 2993 Petr.
1925 2965 1992 2992 co·

339 3024 484 3064 lumna
514 3026 548 3065 Ι.

392 3097 593 3137 Α1111011111
624 3099 835 3150 quendam
858 3099 1047 3138 Demeae
1068 3104 1109 3138 et
1129 3100 1250 3138 uxori
1270 3099 1359 3139 eius
1379 3105 1483 3151 puto
1504 3097 1763 3144 dissuadere,
1782 3108 1836 3135 ne
1857 3095 1990 3135 filiam

335 3180 452 3206 suam
481 3180 635 3220 genero
665 3169 795 3208 nobili
826 3175 868 3209 et
898 3170 1018 3209 diviti
1047 3170 1086 3220 (i.
1120 3182 1155 3209 e.
1185 3170 1328 3209 iuveni
1355 3176 1499 3209 nostro
1519 3174 1592 3208 aut
1616 3168 1795 3208 fortasse
1823 3166 1990 3207 aemulo

336 3238 438 3289 eius)
471 3239 585 3287 dent,
617 3240 733 3291 quod
763 3240 984 3280 consilium
1016 3241 1070 3280 ab
1098 3239 1164 3280 his
1194 3241 1421 3293 improbari
1450 3239 1628 3279 videtur.
