2170 3510
845 30 954 85 Pap.
984 29 1115 84 Oxyr.
1149 39 1214 70 11.
1860 44 1930 96 39

125 175 238 217 Davi
276 174 388 216 servi
425 180 470 216 et
496 173 682 216 Simonis
721 174 859 224 senis;
903 173 1059 214 deinde
1097 184 1206 227 quae
1242 179 1424 226 aguntur
1450 176 1631 226 utroque
1658 172 1755 214 loco
1783 173 1932 214 eadem

125 247 216 288 fere
243 254 368 288 sunt:
405 246 600 287 iuvenem
630 246 824 287 videmus
851 258 931 300 pro
959 244 1100 299 puella
1129 245 1388 299 desponsata
1415 245 1677 298 peregrinam
1707 245 1775 295 (cf.
1805 258 1846 285 v.
1878 253 1929 297 25

123 323 210 378 τῆς
238 316 370 377 ξᾶνης
398 324 443 359 et
470 317 607 358 Andr.
634 331 674 357 v.
695 327 781 370 439
808 316 1018 371 hospitae)
1047 323 1260 357 amantem
1291 322 1335 357 et
1362 317 1408 356 in
1435 316 1751 357 matrimonium
1780 316 1934 357 ducere

125 390 381 444 cupientem,
419 390 591 430 Davum
629 401 798 429 servum
836 388 1074 429 adiutorem
1117 387 1207 429 eius
1246 396 1290 429 et
1328 387 1632 429 deliberantem
1676 388 1731 428 de
1773 388 1935 429 domini

125 462 320 510 consilio,
348 461 565 503 Simonem
595 461 764 514 nuptias
782 467 1016 513 parantem.
1056 459 1239 501 Accedit
1266 459 1385 513 quod
1405 473 1587 513 sponsae
1607 466 1729 514 pater
1755 466 1936 518 utroque

127 534 224 575 loco
261 534 460 575 diuturna
497 532 683 574 amicitia
721 545 818 573 cum
847 532 1034 574 Simonis
1073 532 1235 574 familia
1271 532 1521 574 coniunctus
1560 539 1626 573 est
1659 533 1727 583 (cf.
1756 546 1794 572 v.
1829 532 1854 572 8
1871 545 1935 586 sq.

124 614 173 647 et
191 605 329 647 Andr.
348 618 389 646 v,
411 604 494 658 538
510 606 604 658 sq.).
645 605 759 645 Tum
788 603 947 646 similes
976 602 1109 645 habes
1128 597 1360 645 sententias
1380 604 1492 645 Davi
1513 604 1784 646 deliberantis
1802 603 1934 645 hanc:

276 734 317 761 v.
347 730 405 774 34
477 717 784 779 αόλ]ητριδὶοο
814 720 901 777 γὰρ
933 719 1220 777 eunuchizati
1242 733 1283 763 >g
1305 753 1339 762 -
1357 719 1500 778 χάριν,

473 791 551 834 ml
581 790 860 851 βοοκολῆσαι
889 789 1128 851 δεσπό[την
1158 791 1421 851 ἀπράγμονα

474 861 586 907 ἔστιν
615 861 849 922 νσωνῆτου.

127 972 176 1007 et
204 964 390 1007 Simonis
419 964 698 1005 Terentianae
727 964 863 1005 illam:

318 1063 401 1118 582
475 1077 554 1119 ego
583 1064 745 1105 dudum
773 1077 862 1106 non
889 1063 949 1104 nil
977 1065 1134 1105 veritus
1165 1077 1274 1114 sum,
1305 1066 1441 1114 Dave,
1470 1065 1546 1106 abs
1578 1072 1632 1114 te,

1234 1149 1289 1176 ne
1318 1137 1477 1177 faceres
1506 1136 1635 1185 idem,

475 1209 594 1263 quod
612 1208 761 1262 volgus
781 1210 998 1249 servornm
1019 1208 1142 1257 solet,
1162 1208 1272 1249 dolis
1291 1214 1340 1249 ut
1358 1221 1428 1249 me
1449 1208 1684 1257 deluderes,

475 1282 701 1335 propterea
729 1281 846 1334 quod
875 1287 991 1321 amat
1020 1281 1149 1322 filius.

277 1393 418 1435 Multa
453 1393 582 1447 igitur
618 1393 772 1434 similia
810 1394 1094 1442 inveniuntur,
1135 1394 1211 1434 sed
1240 1394 1285 1434 in
1314 1393 1407 1434 aliis
1436 1393 1560 1435 rebus
1594 1406 1770 1447 magnae
1799 1394 1946 1447 depre-

132 1465 378 1508 henduntur
405 1465 724 1519 discrepantiae.
767 1466 838 1505 Ac
866 1466 1048 1518 primum
1080 1465 1253 1518 quidem
1282 1471 1428 1506 auctor
1456 1465 1515 1520 id,
1545 1465 1662 1519 quod
1690 1472 1946 1519 spectatores

133 1538 191 1579 de
218 1543 468 1591 argumento
497 1537 602 1578 scire
631 1536 736 1584 vult,
766 1549 818 1577 eo
849 1537 979 1578 modo
1008 1537 1182 1590 profert,
1220 1544 1269 1579 ut
1298 1537 1461 1578 iuvenis
1491 1550 1658 1578 servum
1689 1538 1744 1578 de
1771 1537 1948 1578 consilio

133 1622 214 1651 sno
251 1610 470 1652 certiorem
510 1609 650 1656 faciat,
691 1609 808 1662 quod
848 1609 1027 1662 probare
1056 1609 1127 1649 ille
1156 1610 1231 1650 diu
1260 1616 1492 1658 cunctatur,
1531 1610 1575 1649 in
1605 1610 1771 1650 Andria
1804 1616 1946 1650 autem

133 1682 392 1722 Terentiana
419 1693 496 1734 per
524 1681 741 1721 Simonem
771 1681 825 1720 de
854 1680 935 1720 filii
963 1693 1106 1722 amore
1134 1681 1330 1722 certiores
1359 1681 1482 1730 fiunt,
1518 1681 1635 1734 quod
1663 1681 1946 1721 Menandrum

135 1753 349 1794 imitatum
387 1753 539 1793 fecisse
568 1752 814 1792 Terentium
854 1752 982 1792 tradit
1012 1753 1207 1793 Donatus
1238 1753 1293 1793 ad
1323 1752 1426 1806 prol.
1459 1766 1499 1794 v,
1536 1763 1601 1805 14,
1640 1759 1684 1793 et
1712 1753 1766 1793 ab
1797 1753 1948 1794 eodem

137 1824 287 1866 Davus
326 1825 480 1865 frustra
518 1824 766 1872 deterretur,
803 1836 858 1864 ne
896 1824 1034 1864 filium
1074 1824 1261 1872 adiuvet,
1304 1825 1422 1866 cuius
1461 1824 1683 1866 consilium
1728 1826 1783 1865 ab
1827 1825 1951 1865 initio

137 1897 304 1952 probat.

282 1966 452 2009 Deinde
491 1970 536 2007 in
575 1968 655 2008 hac
693 1967 914 2008 comoedia
952 1967 1092 2021 puella
1131 1974 1272 2008 amata
1311 1980 1406 2008 cum
1446 1968 1537 2008 viro
1575 1967 1719 2021 aliquo
1755 1968 1952 2022 improbo

139 2047 205 2081 est
244 2041 300 2090 (v.
342 2049 420 2091 273
461 2040 640 2080 fortasse
683 2052 778 2080 cum
820 2039 1000 2089 lenone),
1042 2052 1137 2080 cum
1180 2040 1222 2079 in
1263 2039 1452 2080 Terentii
1490 2040 1656 2080 Andria
1686 2053 1780 2081 cum
1812 2039 1953 2094 puella
1987 2032 1989 2034 ’

139 2110 340 2166 quadam,
379 2123 489 2165 quae
525 2124 645 2152 soror
673 2111 831 2154 credita
861 2118 939 2160 est,
980 2111 1154 2151 venerit.
1214 2112 1326 2151 Tum
1357 2110 1427 2152 hic
1455 2111 1567 2152 dotis
1608 2124 1702 2165 pars
1733 2117 1953 2166 antecepta

141 2190 207 2224 est
236 2185 291 2233 (v.
326 2185 407 2234 12),
446 2189 489 2223 et
517 2183 637 2223 Simo
676 2196 727 2224 ex
764 2182 874 2235 agris
912 2182 1086 2223 advenit
1124 2181 1181 2231 (ν.
1213 2185 1299 2235 44),
1342 2195 1452 2236 quae
1488 2195 1554 2224 res
1595 2183 1638 2223 in
1669 2183 1836 2224 Andria
1866 2195 1952 2224 non

141 2253 423 2295 inveniuntur.
483 2254 681 2308 Denique
721 2254 890 2294 fratrem
930 2266 1044 2302 eum,
1084 2254 1156 2307 qui
1198 2253 1241 2294 in
1280 2267 1319 2293 v.
1354 2262 1408 2307 50
1445 2260 1813 2302 commemoratur.
1854 2266 1951 2295 eum

140 2338 249 2374 esse,
278 2326 353 2379 qui
382 2325 438 2366 ad
467 2325 664 2366 Andrum
697 2324 875 2366 insulam
906 2325 1108 2379 appulsus
1139 2325 1285 2379 ibique
1314 2332 1507 2366 mortuus
1536 2325 1605 2374 sit,
1636 2325 1705 2366 vix
1737 2325 1875 2367 credo.

286 2396 408 2451 Quae
437 2410 532 2438 cum
563 2398 623 2439 ita
642 2398 742 2445 sint,
773 2398 1053 2450 fragmentum
1084 2396 1165 2438 hoc
1193 2410 1245 2438 ex
1265 2396 1431 2437 Andria
1452 2397 1714 2438 Menandrea
1742 2404 1954 2439 servatum

143 2479 236 2509 esse
278 2480 364 2509 non
401 2475 557 2522 potest,
596 2482 692 2510 cum
736 2475 876 2509 tantae
916 2469 1223 2522 discrepantiae
1261 2468 1574 2510 comoediarum
1605 2468 1954 2510 Terentianarum

143 2546 499 2580 commentatores
540 2550 624 2580 non
667 2540 862 2593 fugerint,
903 2540 1068 2580 etiamsi
1107 2540 1360 2593 ignoramus,
1400 2539 1617 2593 quomodo
1646 2540 1955 2595 exemplaribus

147 2609 318 2652 Graecis
345 2610 411 2651 usi
441 2609 526 2651 sint
555 2618 706 2664 poetae
734 2611 892 2652 Latini.

291 2680 378 2723 Sed
418 2682 586 2736 scripsit
615 2682 850 2723 Menander
886 2682 1090 2724 simillimi
1120 2683 1355 2736 argumenti
1386 2683 1650 2725 comoediam
1681 2682 1957 2725 Perinthiam.

147 2752 305 2807 Neque
335 2753 462 2794 etiam
493 2764 545 2794 ex
574 2751 655 2794 hac
673 2753 893 2795 comoedia
921 2761 1086 2795 servata
1115 2754 1219 2795 haec
1243 2766 1335 2796 esse
1356 2754 1455 2796 inde
1473 2762 1662 2809 apparet,
1693 2755 1824 2808 quod,
1854 2756 1958 2809 quid

146 2835 290 2866 secum
337 2823 630 2866 deliberaverit
673 2824 916 2867 Perinthiae
960 2826 1124 2875 Davus,
1168 2825 1283 2880 apud
1324 2825 1528 2867 Photium
1575 2825 1714 2867 Berol.
1761 2839 1802 2880 p.
1846 2835 1867 2879 5
1915 2834 1957 2868 et

149 2895 323 2938 §uidam
364 2909 399 2937 s.
429 2908 468 2936 v.
500 2893 738 2954 ἁβίλτορος
773 2896 997 2945 invenitur,
1038 2905 1081 2939 et
1110 2897 1226 2952 quod
1255 2898 1432 2939 domino
1462 2898 1573 2939 Davi
1608 2910 1765 2938 nomen
1794 2897 1959 2939 Laches

149 2972 229 3016 est.
267 2975 311 3008 et
349 2967 466 3022 quod
510 2979 704 3009 sermone
744 2968 853 3009 inter
890 2981 1034 3009 senem
1077 2975 1120 3009 et
1147 2981 1321 3010 uxorem
1364 2970 1453 3010 eius
1488 2968 1636 3010 habito
1666 2977 1957 3022 argumentum

140 3037 407 3093 'explicatum
438 3049 531 3080 esse
560 3051 583 3079 e
614 3039 772 3080 Donati
802 3041 1107 3082 commentario
1136 3040 1191 3081 ad
1220 3040 1358 3080 Andr.
1389 3040 1494 3094 prol.
1525 3053 1564 3081 v.
1603 3051 1652 3093 ¹4
1682 3040 1849 3081 scimus.

295 3110 454 3152 Restat
492 3111 631 3165 igitur.
674 3118 722 3152 ut
764 3118 935 3165 poetam
979 3109 1163 3165 aliquem
1209 3110 1274 3152 his
1321 3110 1475 3152 fabulis
1520 3111 1792 3152 Menandreis
1836 3123 1986 3152 usum.

151 3188 338 3223 nostram
377 3183 639 3224 comoediam
680 3182 969 3237 composuisse
996 3182 1257 3224 arbitremur.
1318 3183 1507 3223 Nomina
1537 3183 1650 3224 Davi
1689 3189 1731 3223 et
1761 3182 1961 3231 Simonis,
