2170 3510
802 126 910 180 Pap.
940 123 1116 167 GhOran
1143 124 1203 166 11.
1291 92 1308 96 —
1836 139 1865 190 3
1878 140 1899 176 1

91 271 180 325 qni,
209 277 372 325 quanto
399 270 444 311 in
473 281 613 311 errore
640 276 842 317 versetur,
870 266 1109 309 Phaedimo
1137 279 1184 308 se
1213 267 1421 321 explicare
1443 267 1552 308 velle
1580 267 1683 308 dicit
1711 267 1908 323 petitque

90 355 117 383 a
144 341 365 391 Nicerato,
394 347 443 382 ιιε
471 353 519 382 se
546 340 758 394 relinquat
785 338 843 395 (v,
881 346 1104 392 105—179
1134 338 1351 380 distribuit
1378 341 1437 379 A.
1467 338 1663 391 Koerte).

236 420 467 473 Quomodo
504 418 690 472 suspicio
726 416 953 459 Phaedimi
991 417 1048 458 sit
1086 422 1217 467 mota,
1256 417 1381 459 facile
1418 429 1669 471 cognosces:
1710 417 1819 471 fugit
1857 419 1904 459 in

90 491 268 533 domum
306 490 499 532 Nicerati
538 489 693 544 puella,
732 501 828 548 cum
868 488 923 529 de
960 488 1091 543 patris
1130 489 1317 530 adventu
1345 489 1496 530 certior
1533 489 1645 530 facta
1672 489 1741 530 sit.
1799 490 1902 530 Per·

88 563 282 617 spicuam
310 568 389 615 est,
428 560 772 603 Chaerestratum
801 559 1040 601 Phaedimo
1070 560 1375 614 explicaturum
1405 573 1511 613 esse,
1554 573 1642 601 non
1670 573 1747 602 sua
1775 574 1904 602 causa

88 633 271 675 suasisse
297 634 547 674 Niceratum
586 632 767 686 puellae,
804 639 854 673 ut
883 631 929 672 in
957 632 1133 673 domum
1162 645 1283 673 suam
1313 632 1492 686 fugeret,
1532 632 1610 673 sed
1641 638 1690 673 ut
1717 632 1901 673 amicum

87 717 212 747 sumn
249 705 468 747 adiuvaret
505 704 777 759 puellamque
815 718 842 745 a
878 709 997 759 patre
1035 704 1145 744 irato
1184 710 1363 745 tueatur.
1423 704 1554 757 Quod
1590 703 1731 745 verbis
1769 704 1905 758 patris

88 774 181 819 διιεῖ
217 780 290 819 νῦν
328 774 455 825 ἔστιν,
497 774 559 826 ὡς
599 773 716 818 ἔοικε
758 782 801 816 et
838 788 1043 829 responso
1078 775 1190 817 servi
1219 773 1310 818 ἐκεῖ
1350 777 1405 828 (v.
1441 777 1536 828 102)
1577 775 1730 817 domus
1761 775 1904 829 aliqua

85 847 314 901 signifioeri
340 848 521 897 videtur,
550 860 662 901 quae
689 847 734 887 in
761 859 913 888 scaena
942 853 1021 896 est,
1063 847 1171 888 bene
1200 847 1380 901 quadrat
1407 847 1463 887 ad
1492 846 1668 888 domum
1697 846 1903 896 Nicerati,

85 931 215 973 quam
244 919 290 960 in
316 931 469 961 scaena
507 919 638 960 fuisse
666 932 691 959 e
721 932 761 959 ν.
790 919 872 960 180
898 918 1093 960 concludi
1126 926 1282 972 potest,
1322 919 1367 958 in
1396 931 1483 972 quo
1524 918 1771 972 simpliciter
1800 917 1903 959 dicit

86 991 313 1033 Niceratus
352 988 626 1049 εἰσέρχομαι,
666 1004 752 1032 non
790 991 967 1039 addens,
1005 1003 1115 1044 quae
1156 991 1296 1032 solent
1331 990 1502 1040 addere,
1544 991 1619 1044 qui
1658 991 1702 1031 in
1741 990 1903 1032 alienas

86 1062 239 1105 domos
268 1064 448 1104 intrant:
479 1061 609 1120 δεῦρο
630 1062 740 1121 πρὸς
757 1063 830 1105 τὸν
851 1059 986 1105 δεῖνα.
1024 1063 1156 1103 Nunc
1174 1063 1303 1103 etiam
1326 1075 1449 1103 servo
1474 1062 1596 1104 irasci
1615 1062 1899 1103 Phaedimum

86 1134 199 1188 ideo,
238 1135 358 1189 quod
395 1133 561 1176 consilii
600 1146 697 1175 eum
741 1140 955 1175 auctorem
996 1133 1064 1175 vel
1102 1134 1319 1175 conscium
1358 1140 1482 1187 putet
1522 1146 1629 1182 esse,
1674 1134 1799 1176 facile
1837 1134 1902 1174 in·

89 1206 312 1259 tellegitur.

231 1277 438 1330 Quintum
468 1277 750 1331 fragmentum
780 1283 922 1318 utrum
952 1276 1119 1317 initium
1139 1276 1361 1318 columnae
1389 1277 1652 1330 insequentis
1683 1278 1753 1327 sit,
1784 1277 1903 1331 quod

86 1355 130 1390 et
153 1349 340 1402 Jouguet
370 1356 414 1390 et
442 1349 565 1389 Blass
593 1355 847 1403 putaverunt
876 1361 983 1398 esse,
1011 1361 1157 1398 necne,
1187 1348 1409 1390 diiudicari
1437 1361 1523 1389 non
1548 1354 1702 1402 potest.
1762 1349 1899 1389 Dubi-

86 1420 190 1461 tavit
218 1420 274 1461 de
300 1419 382 1462 hac
410 1433 456 1461 re
474 1421 656 1470 Koerte‚
686 1433 782 1461 cum
811 1420 866 1460 de
887 1421 1125 1461 narratione
1147 1419 1444 1470 Chaerestrati,
1475 1433 1603 1474 quam
1624 1433 1671 1461 se
1690 1421 1897 1462 facturum

85 1492 309 1546 promittit,
336 1498 597 1546 spectatores
625 1492 760 1533 celare
787 1499 935 1533 auctor
961 1493 1032 1532 vix
1060 1492 1261 1546 potuerit,
1296 1498 1339 1533 et
1366 1492 1411 1532 in
1440 1492 1514 1533 illo
1544 1493 1782 1546 fragmento
1811 1493 1898 1534 iam

84 1570 182 1617 post
212 1571 296 1605 tres
324 1576 469 1606 versus
497 1571 617 1606 actus
647 1565 823 1605 finiatur
850 1561 1053 1623 (Χοροῦ).

230 1635 349 1689 Quid
376 1636 422 1676 in
449 1643 546 1677 actu
574 1636 824 1690 insequente
852 1642 1014 1689 agatur,
1043 1636 1240 1690 cognosci
1267 1649 1356 1677 non
1384 1642 1542 1691 potest.

227 1707 511 1748 Menandrum
550 1706 675 1748 huius
717 1708 964 1749 comoediae
1002 1714 1218 1749 auctorem
1259 1720 1352 1749 esse
1391 1715 1645 1749 censuerunt
1689 1708 1811 1750 Blass
1854 1715 1900 1751 et

76 1777 266 1832 Jouguet
308 1785 352 1820 et
394 1778 475 1819 Ph.
517 1780 727 1833 Legrand,
772 1786 816 1820 et
858 1778 982 1821 Blass
1026 1780 1081 1820 de
1125 1780 1346 1821 comoedia
1390 1781 1495 1830 eius,
1539 1781 1614 1834 qui
1657 1781 1901 1822 inscribitur

82 1844 302 1900 ’Δπιαος
345 1850 559 1904 cogitavit.
632 1850 793 1892 Contra
835 1851 925 1892 iure
968 1851 1113 1892 stilum
1156 1851 1283 1893 huius
1331 1852 1558 1905 fragmenti
1601 1866 1626 1893 a
1670 1853 1898 1894 Menandri

82 1931 236 1974 genere
274 1920 443 1963 dicendi
482 1920 706 1963 abhorrere
746 1922 891 1964 docuit
921 1922 1101 1964 Koerte‚
1160 1923 1405 1964 Desiderari
1446 1924 1491 1964 in
1520 1924 1739 1965 sententiis
1769 1936 1899 1978 saepe

82 1991 298 2045 ingenium
317 1992 408 2033 eius
430 1999 475 2033 et
491 1993 804 2046 simplicitatem
823 1993 995 2035 dicendi
1014 1993 1272 2047 solitumque
1292 1994 1479 2048 leporem
1502 1996 1563 2045 (ut
1582 1996 1628 2035 in
1647 2008 1687 2035 ν.
1709 2005 1789 2047 139
1801 1997 1896 2049 sq.).
1988 2030 1990 2032 .

82 2061 310 2106 Praetereo
348 2064 539 2105 enotavit
568 2064 725 2105 formas
755 2062 939 2114 αὑτοῖσι,
976 2078 1086 2119 quae
1123 2079 1149 2106 a
1177 2066 1417 2107 Menandro
1456 2078 1541 2107 non
1571 2066 1812 2117 adhibetur,
1853 2074 1898 2109 et

83 2134 255 2184 σαυτὸν,
294 2148 379 2190 qna
417 2135 527 2177 male
556 2137 689 2178 utitur
716 2143 862 2178 auctor
900 2138 946 2178 in
975 2150 1015 2178 v,
1050 2145 1144 2191 147.
1205 2138 1335 2192 Quod
1364 2138 1517 2179 attinet
1550 2139 1606 2179 ad
1634 2151 1723 2180 rem
1752 2139 1895 2180 metri-

80 2216 190 2254 cam,
227 2206 282 2247 ab
320 2219 401 2249 usu
439 2208 703 2250 Menandreo
742 2208 983 2263 discrepant
1031 2209 1199 2251 initium
1239 2222 1278 2251 v.
1327 2219 1422 2259 101,
1465 2209 1539 2250 ubi
1580 2209 1810 2264 tribrachys
1851 2210 1896 2251 in

79 2276 192 2332 pede
220 2278 399 2332 primo
428 2279 562 2321 tribus
592 2279 779 2321 efficitur
804 2281 944 2322 verbis
976 2281 1044 2332 (cf.
1070 2279 1200 2330 Uhle,
1230 2282 1299 2322 De
1329 2282 1559 2322 Menandri
1587 2288 1677 2323 arte
1706 2283 1895 2333 metrica,

80 2359 124 2402 p.
155 2347 230 2404 35)
266 2355 310 2391 et
339 2350 476 2392 exitus
508 2363 547 2391 ν.
585 2350 662 2404 138
694 2349 844 2408 μεῖζον
874 2350 1064 2409 ἀγαθόν,
1104 2353 1177 2393 ubi
1207 2352 1399 2404 dactylus
1428 2353 1473 2393 in
1502 2353 1613 2407 pede
1641 2354 1792 2407 quinto
1821 2354 1894 2395 ad·

79 2417 251 2461 hibetur
278 2432 332 2462 eo
360 2422 505 2470 modo,
534 2430 583 2463 ιιε
611 2436 636 2463 a
666 2423 797 2463 verbo
819 2422 1031 2465 trochaico
1060 2423 1232 2479 incipiat
1263 2424 1331 2476 (cf.
1353 2424 1660 2475 Rubenbauer,
1690 2426 1781 2466 Der
1800 2426 1894 2467 Bau

81 2489 158 2531 der
186 2491 315 2534 lamb.
344 2493 479 2535 Trim.
509 2494 578 2535 bei
608 2495 859 2545 Menander,
890 2495 992 2539 diss.
1023 2495 1225 2538 Monach.
1263 2506 1385 2548 1912,
1415 2510 1457 2551 p.
1494 2507 1544 2549 14
1572 2496 1671 2540 adn.
1702 2499 1757 2551 3).

225 2569 347 2623 Quae
374 2584 470 2613 eum
500 2572 561 2613 ita
588 2573 689 2623 sint,
726 2586 821 2615 cum
853 2574 1040 2616 Koertio
1068 2574 1169 2616 licet
1197 2575 1400 2625 conicere,
1439 2582 1612 2630 poetam
1648 2574 1762 2618 hunc
1790 2589 1893 2618 non-

81 2639 207 2682 nullis
226 2642 348 2683 annis
368 2649 467 2697 post
484 2643 768 2687 Menandrum
798 2651 918 2686 extra
935 2645 1132 2688 Athenas
1161 2646 1317 2688 vixisse
1347 2644 1435 2703 (De
1454 2654 1581 2702 poeta
1599 2648 1894 2690 Alexandrino

78 2712 280 2766 cogitavit
309 2713 672 2757 Wilamowitzius
703 2714 819 2771 [ann.
850 2729 946 2758 τιον.
982 2717 1090 2771 1908
1121 2730 1163 2772 p.
1194 2716 1302 2773 38]).

80 2871 175 2920 eol.
211 2871 250 2920 Ι.
509 2869 758 2942 (Δοῦλος)
832 2870 1018 2946 ]ἧττον,
1056 2872 1099 2928 ὦ
1137 2874 1395 2948 δέσποινα,
1437 2880 1495 2929 σέ

337 2954 528 3010 δέδοικ’
564 2955 764 3029 harde,
798 2960 898 3030 τὸμ
933 2964 1131 3032 πατέρα
1169 2960 1226 3014 δὲ
1260 2965 1455 3016 τουτονί

221 3123 277 3161 ⁷²
290 3125 356 3168 sq.
397 3114 468 3184 De
505 3115 711 3187 numeris?
722 3128 919 3159 versuum
949 3118 1004 3159 cl.
1036 3118 1191 3161 inti-od.
1295 3130 1351 3169 ⁷2
1381 3118 1536 3161 desunt
1567 3119 1768 3162 tredecim
1801 3121 1891 3161 fere

77 3165 242 3210 litterae
298 3168 343 3214 ἰν
382 3168 502 3228 αἰτιᾳ
540 3171 648 3231 γὰρ]
685 3187 781 3233 ηττ.
825 3173 1020 3228 Crois(et)
1069 3187 1212 3218 secum
1248 3175 1436 3231 loquitur
1474 3189 1642 3252 servi-1⁸3
1750 3188 1805 3226 ⁷³
1821 3190 1886 3232 sq.

77 3234 186 3322 ἓις.
204 3227 433 3343 ἕχιιεῌξεὲν
463 3229 843 3346 &mh-⁷222}
881 3230 1039 3287 1660q.
1071 3240 1115 3275 et
1144 3233 1298 3275 introd.
1398 3244 1454 3283 73
1485 3231 1597 3278 uum
1642 3233 1691 3278 πὶ
1719 3231 1887 3289 toton·
