2170 3510
146 211 184 238 „A

121 52 224 124 aa}

200 161 356 249 alodo

930 520 1291 561 PRAEFATIO

357 621 511 661 Novae
542 619 785 660 comoediae
805 626 969 673 praeter
992 621 1276 660 Menandrum
1301 621 1537 673 fragmenta
1567 621 1610 660 in
1639 622 1808 675 papyris
1839 630 2017 676 reperta,

158 680 164 682 ‚
216 705 324 746 quae
354 693 397 731 in
428 690 746 732 collectionibus
776 703 1029 744 papyrorum
1061 697 1135 731 aut
1164 691 1267 732 alibi
1286 692 1488 745 dissipata
1513 698 1641 741 erant,
1672 699 1898 746 postquam
1927 695 2019 747 ipse
2070 690 2074 691 ⁷

149 776 153 778 ’
215 764 409 816 colligere
438 776 487 803 ea
518 770 559 803 et
590 763 814 803 emendare
844 763 979 816 coepi,
1009 763 1183 803 collecta
1212 769 1311 803 sunt
1342 769 1384 803 et
1413 764 1526 804 edita
1554 764 1663 804 inter
1691 770 1827 805 cetera
1852 778 2018 805 comoe-

216 835 379 875 diarum
411 834 663 875 Graecarum
693 835 928 887 fragmenta
957 840 1055 886 post
1084 835 1315 874 editionem
1346 834 1614 875 Kockianam
1645 842 1809 889 reperta
1838 836 1891 876 ab
1921 835 2015 876 Ioh.

215 905 507 946 Demiaficzuk
545 905 589 944 in
627 905 935 959 Supplemento
978 905 1166 953 Comico,
1207 905 1470 947 Krakowiae
1514 917 1636 957 1912.
1695 907 1781 948 Sed
1820 920 1916 947 cum
1949 906 2020 947 hic

215 989 353 1029 neque
392 990 575 1030 papyros
615 977 755 1018 denuo
794 976 1036 1030 inspexerit,
1077 977 1194 1029 quod
1231 983 1279 1016 ut
1308 977 1446 1017 fructu
1474 991 1561 1017 non
1590 990 1720 1030 parvo
1759 979 1896 1018 facere
1925 978 2019 1031 ipse

216 1048 440 1100 potuerim,
467 1048 581 1101 larga
601 1048 892 1088 munificentia
911 1054 1149 1087 curatorum
1168 1048 1297 1100 legati
1315 1047 1554 1089 Schassiani
1576 1049 1782 1089 Kiliensis
1804 1055 1847 1089 et
1866 1049 2019 1089 eximia

215 1119 509 1159 benevolentia
549 1131 694 1158 eorum
725 1119 907 1159 virorum
939 1119 1173 1168 doctorum,
1216 1119 1289 1172 qui
1327 1120 1382 1159 ad
1420 1119 1685 1160 collectiones
1725 1134 1821 1161 suas
1855 1120 2016 1160 aditum

216 1189 321 1228 mihi
351 1190 653 1243 patefecerunt,
684 1190 876 1243 inprimis
908 1190 991 1230 Gu.
1020 1189 1241 1237 Schubart,
1270 1192 1328 1231 A.
1359 1191 1496 1238 Hunt‚
1528 1192 1578 1230 P.
1603 1192 1803 1243 Jouguet,
1841 1192 2018 1234 facultas

216 1259 322 1300 mihi
352 1260 451 1301 data
481 1267 559 1310 est,
589 1274 727 1314 neque
757 1261 800 1300 in
822 1261 1066 1314 fragmentis
1088 1261 1364 1301 emendandis
1387 1261 1568 1302 multum
1599 1263 1834 1315 profecerit,
1864 1265 2016 1306 iterum

217 1344 266 1371 ea
294 1338 545 1384 pertractare
574 1345 744 1373 necesse
774 1338 873 1372 erat.

361 1403 565 1443 Ordinem
607 1410 747 1443 autem
789 1404 1119 1455 fragmentorum
1158 1403 1322 1443 institui
1361 1416 1471 1451 eum,
1511 1410 1559 1443 ut
1598 1417 1621 1444 e
1651 1417 1827 1445 numero
1857 1419 2018 1456 eorum,

217 1488 325 1527 quae
364 1475 409 1514 in
447 1482 666 1527 poetarum
706 1475 961 1515 comicorum
990 1475 1204 1514 codicibus
1235 1481 1398 1514 servata
1436 1482 1545 1523 sunt,
1583 1476 1747 1528 potiora
1786 1478 2017 1518 secundum

217 1558 471 1598 papyrorum
501 1552 682 1585 aetatem
713 1546 945 1585 minoribus
975 1547 1302 1598 anteposuerim,
1333 1546 1486 1586 deinde
1516 1559 1563 1586 ea
1595 1546 1869 1597 exhibuerim,
1909 1562 2019 1602 quae

216 1616 395 1669 Didymi
425 1623 467 1656 et
496 1617 636 1670 Satyri
664 1617 795 1666 libris,
836 1618 908 1669 qui
938 1630 962 1656 e
990 1617 1158 1670 papyris
1189 1616 1312 1657 nobis
1341 1617 1625 1666 innotuerunt,
1657 1620 1933 1668 continentur,
1973 1622 2019 1661 in

218 1688 452 1740 appendice
493 1689 676 1740 denique
707 1688 762 1727 de
791 1688 957 1728 duobus
987 1689 1242 1740 argumentis
1282 1689 1465 1729 metricis
1496 1695 1538 1729 et
1566 1690 1801 1742 fragmento
1831 1691 2016 1743 quodam

216 1759 369 1798 veteris
412 1760 657 1799 comoediae
696 1759 865 1811 egerim,
905 1759 1022 1811 quod
1059 1771 1151 1799 esse
1180 1759 1404 1812 Eupolidis
1444 1760 1678 1801 Demorum
1715 1767 1889 1802 conatus
1923 1775 2017 1802 sum

217 1829 520 1871 demonstrare.

362 1901 500 1942 Omisi
538 1915 634 1955 pap.
667 1901 939 1952 Oxyrhynch.
971 1901 1083 1954 428„
1123 1902 1222 1954 quia
1262 1903 1542 1955 fragmentum
1577 1902 1657 1943 hoc
1686 1903 1907 1944 minimum
1939 1910 2019 1944 tra·

218 1973 394 2025 goediae
433 1974 575 2026 potius
617 1987 744 2026 quam
786 1974 1029 2013 comoediae
1060 1986 1153 2013 esse
1182 1980 1300 2026 puto.
1359 1974 1465 2026 Pap.
1497 1981 1637 2014 autem
1669 1974 1763 2014 Soc.
1794 1974 1888 2014 Ital.
1925 1973 2017 2015 126.

219 2044 256 2093 (e
287 2043 396 2084 libro
425 2045 570 2096 Papiri
600 2044 723 2084 Greci
753 2057 775 2084 e
806 2044 949 2084 Latini
978 2045 1036 2084 11.
1073 2047 1196 2096 1913)
1235 2051 1283 2085 ut
1321 2046 1573 2093 omitterem,
1611 2044 1718 2084 mihi
1752 2046 1884 2086 suasit
1912 2046 2017 2086 Sud-

218 2114 404 2164 hausius,
436 2117 510 2168 qui
538 2115 647 2156 hanc
674 2116 839 2155 mediae
869 2116 1113 2156 comoediae
1135 2116 1445 2156 attribuendam
1475 2129 1568 2156 esse
1590 2117 1867 2156 demonstrari
1894 2128 2020 2169 posse

217 2186 432 2226 iudicavit.

362 2258 491 2310 Signa
522 2265 564 2298 et
594 2258 799 2299 cancellos
829 2257 1005 2298 adhibui
1022 2258 1215 2307 usitatos,
1244 2258 1404 2298 litteras
1423 2264 1563 2298 autem
1584 2258 1752 2298 mutilas
1783 2259 1859 2298 sed
1887 2264 2019 2298 certas

218 2328 384 2381 punctis
414 2341 501 2369 non
530 2329 755 2370 substruxi.
1295 2318 1297 2320 ’

363 2401 432 2439 De
462 2401 775 2441 comoediarum
814 2401 1069 2453 argumentis
1099 2406 1143 2440 et
1171 2401 1411 2441 auctoribus
1446 2400 1491 2440 in
1519 2400 1899 2440 introductionibus
1927 2401 2020 2440 bre-

218 2471 327 2511 viter
354 2477 494 2512 actum
535 2477 612 2520 est,
653 2472 826 2512 nomina
854 2478 994 2512 autem
1024 2478 1241 2512 auctorum
1271 2471 1386 2511 nulla
1415 2484 1558 2511 eruere
1587 2471 1727 2524 potui3
1768 2470 1850 2511 hoc
1886 2485 2018 2511 unum

221 2548 401 2591 constat,
430 2543 657 2594 fragmenti
688 2551 725 2595 5.
756 2549 1048 2595 argumentum
1077 2541 1298 2583 cohaerere
1327 2555 1422 2582 cum
1451 2543 1616 2582 Andria
1644 2542 1917 2583 Menandrea.

290 2646 297 2652 .
365 2615 535 2663 Restat,
566 2620 614 2654 ut
650 2614 890 2667 gratissimo
910 2615 1052 2656 animo
1072 2614 1277 2655 confitear
1301 2626 1371 2654 me
1391 2615 1435 2653 in
1454 2613 1533 2654 hac
1552 2615 1737 2654 editione
1756 2615 2019 2655 conficienda

222 2698 350 2739 quam
380 2686 564 2725 maxime
593 2685 783 2725 adiutum
825 2698 916 2726 esse
946 2699 970 2726 a
999 2686 1200 2737 magistro
1228 2697 1325 2724 meo
1355 2686 1398 2726 S.
1430 2685 1637 2738 Sudhaus,
1678 2686 1752 2737 qui
1780 2698 1856 2738 pro
1886 2686 2020 2738 patria

220 2770 412 2810 pugnans
441 2757 742 2808 gloriosissima
761 2757 886 2797 simul
915 2763 957 2797 et
985 2757 1293 2797 luctuosissima
1314 2763 1449 2797 morte
1469 2757 1593 2796 nobis
1623 2763 1788 2810 ereptus
1818 2763 1894 2804 est,
1924 2769 2018 2796 cum

222 2828 359 2868 multa
387 2827 456 2867 hic
485 2828 694 2868 sanaverit
722 2828 813 2880 ipse
843 2835 885 2867 et
913 2828 957 2867 in
986 2828 1134 2868 ceteris
1163 2828 1287 2868 rebus
1313 2828 1477 2880 egregio
1507 2828 1682 2867 consilio
1709 2834 1836 2880 atque
1865 2827 2021 2867 auxilio

223 2898 624 2939 benevolentissimo
654 2911 818 2952 semper
847 2898 952 2938 mihi
981 2899 1176 2938 adfuerit.
1236 2899 1357 2938 Idem
1386 2899 1539 2951 gratias
1569 2911 1648 2951 ago
1676 2911 1860 2938 summas
1881 2899 1931 2937 F.
1948 2899 2021 2950 Ja-

221 2969 343 3022 coby,
376 2970 448 3021 qui
478 2970 522 3008 in
551 2969 716 3009 schedis
746 2969 977 3010 revisendis
1007 2970 1188 3020 benigne
1217 2982 1286 3008 me
1316 2969 1488 3009 adiuvit.

367 3054 526 3103 Kiliae‚
557 3068 702 3096 mense
731 3055 874 3108 Aprili
909 3063 1030 3107 1915.

1523 3126 1574 3166 O.
1607 3124 1929 3165 Schroeder.

928 3333 1335 3458 Gai-many
