2170 3510
217 153 286 214 46
719 159 879 189 NoVAE
908 158 1183 189 comoEmAE
1211 157 1512 187 FRAGMENTA

218 296 263 334 in
303 296 359 334 A.
403 295 453 334 P.
495 293 580 333 vol.
619 294 641 332 I
681 306 722 345 p.
766 300 845 344 515
889 298 931 332 et
968 290 1049 330 Ph.
1090 291 1300 344 Legrand,
1345 291 1477 338 Deos,
1517 305 1558 344 p
1597 303 1694 344 493.
1737 291 1820 344 506
1836 306 1900 346 sq.
1943 293 2027 345 518

221 372 264 405 et
295 366 375 406 Gu.
408 364 583 413 Michel,
613 365 682 404 De
711 363 948 403 fabularum
980 363 1232 403 Graecarum
1262 363 1518 416 argumentis
1547 365 1745 413 metricis,
1781 365 1881 405 diss.
1914 365 2026 406 Giss.

227 437 350 488 1908,
380 450 421 490 p·
454 445 522 489 47·

363 508 561 548 Servatus
602 514 667 548 est
705 508 949 548 comoediae
987 520 1122 547 novae
1150 508 1348 560 prologus
1387 521 1522 561 paene
1551 514 1679 547 totus.
1736 508 1869 548 Pauci
1896 509 2029 550 modo

221 580 274 619 de
303 579 425 619 initio
456 585 498 619 et
528 579 642 620 exitu
672 580 828 632 perditi
855 585 954 619 sunt
982 592 1125 620 versus
1156 579 1224 630 (cf.
1256 579 1505 619 Kaibelium
1534 580 1561 620 l.
1593 580 1620 619 1.
1651 593 1692 632 p.
1727 588 1810 632 554
1824 581 1917 633 sq.).

364 651 531 691 Auctor
567 650 652 690 alio
690 664 736 691 se
775 664 823 691 ac
861 651 988 690 solito
1028 663 1146 691 more
1175 651 1418 691 comoediae
1456 657 1747 703 argumentum
1777 652 1822 690 in
1850 651 2030 704 prologo

220 721 428 775 explicare
457 722 565 761 velle
594 722 832 775 profitetur,
862 722 1054 762 breviore
1084 722 1255 774 quidem
1285 729 1329 763 et
1357 722 1624 776 simpliciore,
1657 729 1706 762 ut
1734 723 1947 763 auditores
1978 735 2028 762 ea

220 793 466 846 percipiant,
496 804 606 846 quae
635 794 690 833 ad
721 793 1048 845 intellegendam
1078 794 1341 833 comoediam
1377 795 1609 834 necessaria
1637 795 1735 842 sint,
1773 795 1872 846 quia
1901 795 2029 834 ceteri

219 869 386 916 poetae,
426 865 500 917 qui
540 877 616 917 per
657 865 761 904 deos
789 864 987 917 loquaces
1017 865 1285 905 minimarum
1321 878 1491 918 quoque
1520 878 1657 906 rerum
1697 878 1843 906 causas
1875 871 1918 906 et
1948 866 2029 905 ori-

219 936 337 987 gines
368 936 631 976 auditoribus
663 937 869 990 explicare
899 943 1117 986 conentur,
1149 937 1353 985 efficiant,
1392 945 1441 977 ut
1468 950 1595 978 nemo
1625 950 1770 977 eorum
1802 938 2027 990 quicquam

220 1006 450 1059 intellegat.
510 1009 583 1047 Re
602 1020 699 1047 vera
728 1014 854 1060 poeta
874 1014 1166 1060 argumentum
1197 1009 1441 1049 comoediae
1470 1021 1570 1048 suae
1598 1009 1858 1061 simplicibus
1888 1008 2031 1048 verbis

221 1084 386 1117 enarrat
434 1092 573 1132 neque
621 1080 847 1133 quicquam
896 1092 1251 1132 supervacaneum
1299 1080 1438 1120 affert.
1513 1082 1654 1120 Recte
1698 1079 1923 1120 Kaibelius
1974 1079 2030 1119 ad

222 1150 514 1200 quaestionem
555 1163 662 1200 eam,
702 1164 812 1204 quae
851 1152 896 1190 in
926 1153 1122 1191 extremis
1152 1152 1343 1191 versibus
1374 1158 1452 1200 est,
1494 1164 1592 1190 eum
1621 1151 1804 1191 breviter
1843 1150 1926 1190 tale
1956 1149 2029 1189 ali·

222 1219 326 1271 quid
354 1223 623 1275 respondisse
652 1224 895 1263 arbitratur:
927 1224 981 1263 ab
1011 1224 1114 1276 ipsis
1143 1223 1338 1272 audietis,
1368 1223 1456 1263 vel:
1489 1229 1636 1263 auctor
1664 1223 1725 1263 sic
1753 1223 1899 1263 voluit.
1942 1221 2029 1260 Vix

222 1290 398 1332 dubium
441 1301 519 1342 est,
559 1296 661 1347 quin
701 1295 744 1334 in
785 1296 878 1348 ipsa
917 1296 1137 1335 comoedia
1177 1296 1230 1334 de
1267 1296 1510 1343 liberorum,
1552 1296 1625 1348 qui
1665 1295 1708 1334 in
1747 1308 1786 1336 v.
1824 1305 1874 1345 19
1915 1305 2031 1333 com-

222 1371 520 1414 memorantur,
550 1379 693 1405 amore
722 1374 860 1407 actum
893 1367 960 1415 sit,
992 1367 1069 1406 sed
1098 1374 1283 1407 ceterum
1315 1367 1368 1406 de
1398 1367 1543 1407 fabula
1571 1366 1678 1406 nihil
1708 1372 1883 1406 constat.

366 1437 557 1477 Difficile
611 1445 676 1477 est
728 1439 974 1487 diiudicatu,
1031 1440 1125 1492 quis
1174 1439 1218 1478 in
1266 1440 1502 1491 fragmento
1550 1445 1695 1478 nostro
1747 1437 2031 1491 proloquendi

222 1520 394 1547 munere
434 1509 644 1561 fungatur.
705 1510 820 1549 Nam
851 1510 887 1549 si
916 1509 1160 1562 supplemus
1200 1523 1239 1550 v,
1275 1518 1324 1562 15
1356 1508 1439 1549 hoc
1467 1509 1781 1567 ηιοάοπρὲπει
1812 1508 2030 1564 Διον]ύσῳ

221 1576 308 1636 γάρ
347 1593 387 1621 τι
428 1578 640 1622 πιστεύειν
681 1578 780 1637 ἐμοί
823 1582 944 1632 (Kb.)
987 1579 1076 1635 (aut
1114 1588 1162 1621 ut
1191 1594 1268 1622 nos
1299 1604 1355 1610 -
1385 1579 1601 1637 Διον]ι’)σῳ
1632 1580 1718 1639 γάρ
1747 1595 1787 1623 τι
1817 1579 2030 1623 πιστεύειν

222 1648 323 1706 ἐμοὶ
345 1650 360 1704 ΙΙ
383 1650 536 1708 πρέπει
564 1654 752 1703 τοιοῦτο)
785 1654 921 1693 facere
950 1654 1020 1692 vix
1050 1665 1289 1706 possumus,
1319 1653 1422 1706 quin
1450 1666 1545 1693 cum
1567 1653 1769 1693 Kaibelio
1790 1653 2030 1707 Dionysum

222 1722 362 1775 ipsum
382 1723 578 1776 proloqui
600 1730 797 1776 putemus
829 1725 895 1774 (cf.
919 1724 1094 1765 Olivieri
1124 1724 1150 1764 1.
1173 1725 1199 1764 l.
1232 1731 1274 1764 et
1300 1725 1381 1765 Gu.
1406 1724 1563 1764 Michel
1594 1724 1620 1763 l.
1651 1724 1709 1774 1.),
1739 1724 2030 1778 improbemus

221 1799 363 1833 autem
403 1795 632 1835 sententias
671 1797 1011 1843 Reitzensteinii‚
1053 1797 1126 1848 qui
1166 1809 1189 1836 e
1228 1810 1267 1835 v.
1305 1806 1352 1835 12
1369 1809 1432 1849 sq.
1475 1797 1627 1836 eodem
1666 1797 1797 1835 modo
1825 1795 2031 1848 suppletis

219 1864 349 1904 alium
379 1866 507 1906 deum
539 1867 823 1920 Olympicum,
863 1873 906 1906 et
935 1868 1112 1907 Henrici
1141 1868 1275 1918 Weil,
1314 1868 1388 1920 qui
1416 1874 1587 1920 poetam
1616 1867 1755 1920 ipsum
1784 1867 1902 1919 loqui
1931 1879 2028 1906 con·
2075 1860 2079 1864 ⁸

223 1936 450 1986 cluserunt,
490 1950 585 1977 cum
626 1938 702 1988 ita,
741 1952 815 1979 cur
853 1939 1013 1978 dictum
1053 1940 1107 1978 sit
1136 1940 1180 1978 in
1210 1953 1249 1978 v,
1288 1947 1334 1991 15
1380 1936 1478 1995 ἐμοί
1509 1951 1587 1991 pro
1618 1937 1710 1996 ἐμὲ,
1752 1937 2030 1991 probabiliter

222 2007 420 2060 explicari
454 2022 542 2048 non
580 2010 730 2062 possit.
790 2011 866 2050 Sin
904 2017 1045 2050 autem
1086 2011 1131 2050 in
1169 2011 1318 2050 litteris
1348 2009 1459 2063 ]οσω
1500 2010 1628 2050 lateat
1666 2010 1797 2050 futuri
1827 2009 2029 2062 temporis

223 2079 359 2118 forma
398 2081 516 2120 verbi
556 2081 599 2120 in
640 2095 733 2123 αοω
775 2081 842 2121 vel
883 2096 968 2123 ευω
1010 2083 1215 2130 exeuntis,
1254 2088 1328 2122 aut
1358 2082 1744 2122 Reitzensteinium
1774 2093 1945 2121 necesse
1974 2080 2031 2120 sit

223 2151 357 2203 sequi,
397 2158 471 2191 aut
501 2153 560 2192 H.
592 2153 739 2206 Weyl,
779 2154 816 2192 si
852 2154 980 2193 verba
1019 2153 1130 2196 θεοῦ
1171 2167 1225 2205 τι,
1266 2153 1318 2212 νὴ
1353 2151 1437 2195 Δία
1459 2152 1474 2207 ΙΙ
1498 2150 1619 2202 ἄξιον
1659 2150 1846 2209 ἐνεγκεῖν
1883 2149 2030 2202 αὐτὸς,

224 2218 324 2263 ἀλλ’
356 2219 488 2272 ὄντως
517 2223 628 2265 θεοῦ
662 2226 713 2275 (ν.
742 2236 790 2277 13
808 2227 886 2278 sq.)
917 2238 1012 2265 cum
1043 2239 1093 2266 eo
1123 2225 1204 2265 hoc
1232 2226 1364 2265 modo
1388 2225 1666 2278 explicemus:
1697 2224 1789 2277 ipse
1818 2225 2028 2276 proferam

221 2293 383 2346 aliquid
413 2306 513 2334 vero
544 2295 626 2335 deo
658 2296 697 2347 (i.
731 2309 766 2336 e.
799 2297 1008 2350 Dionyso,
1041 2297 1194 2337 theatri
1224 2298 1319 2348 deo)
1351 2297 1540 2349 dignum.

367 2368 566 2407 Auctoris
606 2381 761 2408 nomen
802 2375 875 2408 aut
904 2375 1086 2408 aetatem
1116 2369 1293 2409 inveniri
1333 2381 1420 2408 non
1449 2380 1574 2420 posse
1603 2367 1693 2406 iure
1722 2367 2031 2407 contenderunt

225 2437 452 2478 Kaibelius
472 2438 498 2478 l.
520 2438 547 2478 1.
569 2452 610 2491 p.
634 2448 655 2491 5
664 2447 731 2492 54,
762 2440 842 2479 Ph.
864 2441 1073 2492 Legrand,
1104 2440 1132 2480 1.
1154 2440 1181 2480 1.
1203 2454 1244 2493 p.
1267 2450 1349 2493 493
1368 2453 1448 2492 sq.,
1469 2440 1529 2480 H.
1551 2437 1686 2486 Wess,
1706 2438 1734 2477 1.
1755 2438 1782 2477 l.
1804 2451 1845 2490 p.
1864 2447 1948 2489 430
1964 2450 2028 2490 sq.

368 2510 433 2550 Ea
472 2517 613 2550 autem
654 2524 699 2551 re
737 2511 862 2551 huius
905 2512 1131 2564 fragmenti
1169 2511 1351 2564 dignitas
1383 2511 1577 2557 efficitur,
1619 2509 1734 2562 quod
1773 2522 1825 2548 eo
1855 2509 2030 2548 demon·

224 2585 391 2628 stratur,
434 2586 476 2620 et
514 2582 711 2634 prologos
751 2582 901 2635 longos
930 2584 982 2622 ab
1013 2583 1136 2623 initio
1164 2583 1342 2622 usitatos
1372 2583 1518 2629 fuisse,
1559 2587 1600 2621 et
1630 2582 1713 2620 iam
1743 2594 1768 2620 a
1798 2593 1931 2620 novae
1961 2592 2028 2620 co-

225 2651 420 2690 moediae
458 2653 596 2704 poetis
638 2654 805 2694 Graecis
845 2655 890 2693 in
928 2654 1111 2707 prologis
1151 2654 1405 2706 explicatum
1445 2666 1551 2700 esse,
1593 2652 1695 2705 quid
1735 2652 1789 2692 de
1827 2658 1916 2691 arte
1954 2664 2030 2691 sua

224 2721 512 2773 cogitaverint,
551 2724 597 2763 id
635 2726 750 2777 quod
785 2726 901 2778 apud
929 2728 1154 2766 Romanos
1195 2726 1354 2766 factum
1396 2738 1488 2764 esse
1528 2724 1682 2764 scimus
1723 2724 1790 2774 (cf.
1822 2723 1892 2762 Fr.
1923 2723 2031 2771 Leo,

224 2793 407 2834 Plautin.
439 2795 629 2845 Forsch.,
659 2811 700 2850 p.
739 2797 816 2847 176
832 2799 928 2850 sq.).

313 2952 347 2961 ..
370 2953 404 2961 -
428 2915 549 2981 ,μή
589 2929 698 2970 πως
736 2912 1022 2981 πλανῶμαι,
1063 2911 1215 2982 μηδ]ὲ
1253 2912 1580 2981 μακρόλογος
1616 2908 1770 2978 θε[ὸς

482 2996 682 3067 γενωμ),
722 2992 875 3056 ὕπνος
915 2997 970 3049 δὲ
1007 2999 1124 3057 τοὺς
1164 2996 1469 3066 ἀ]κοί)οντας
1508 2997 1662 3065 λάβῃ.

374 3122 390 3150 ι
427 3109 557 3164 θε[ὸς
588 3112 647 3149 R.
707 3111 770 3170 μὴ
792 3135 845 3140 -
864 3109 996 3169 μηδ]ὲ
1027 3110 1160 3151 Sudh.
1202 3118 1338 3151 cetera
1357 3124 1394 3152 e.
1415 3125 1455 3163 g.
1486 3111 1583 3150 add.
1605 3108 1724 3150 Schr.
1770 3108 2030 3148 Huiusmodi

224 3180 393 3207 versum
411 3167 525 3207 hunc
546 3169 818 3208 antecessisse
837 3175 963 3221 puto:
996 3166 1139 3224 λέγειν
1169 3169 1217 3210 τὸ
1248 3174 1429 3226 πρᾶγμα
1459 3165 1497 3208 δ’
1529 3163 1848 3221 εὐλαβούμενόν
1875 3179 1928 3221 με
1951 3162 2029 3206 δεῖ.

226 3225 347 3264 Talia
385 3226 645 3277 exspectavit
684 3225 798 3265 Kb.:
841 3238 935 3265 ecce
976 3238 1116 3265 rursus
1157 3225 1312 3278 loquax
1342 3224 1465 3264 deus!
1497 3229 1592 3263 aut:
1623 3223 1755 3263 nolite
1786 3223 1945 3270 timere,
1976 3234 2030 3261 ne

224 3281 380 3333 loquax
411 3282 513 3321 deus
534 3283 627 3322 sim.
728 3294 754 3321 2
785 3283 921 3335 suppl.
944 3282 1075 3323 Sudh.
1113 3279 1199 3324 ἔστ’
1232 3281 1281 3324 ἂν
1312 3279 1442 3331 ὕπνος
1462 3279 1584 3339 ἡμᾶς
1613 3284 1715 3329 τοῦς
1745 3278 1834 3333 ἆ]κ.
1863 3277 1904 3321 λ.
1936 3279 2031 3320 Kb.

228 3337 313 3386 ἕως
344 3335 393 3380 ἂν
425 3336 555 3387 ὕπνος
584 3338 686 3387 τοὺς
717 3337 806 3391 ἀ]·κ.
837 3337 878 3380 λ.
908 3339 1029 3378 Weil
