2170 3510
840 69 947 123 Pap.
977 66 1151 110 Ghbran
1178 67 1216 107 Ῑ.
1858 78 1921 121 21

280 216 519 264 confirmet,
548 215 654 255 alter
688 219 863 268 propter
891 211 951 252 rei
971 210 1206 265 periculum
1236 208 1413 250 consilio
1442 208 1505 249 uti
1541 220 1628 248 non
1649 207 1752 247 vult.
1797 207 1927 260 Quod

280 287 423 343 puella
461 300 525 336 ea,
564 298 675 339 quae
716 287 762 325 in
804 288 1018 338 potestate
1046 281 1211 322 lenonis
1241 281 1408 321 videtur
1437 292 1544 328 esse,
1583 278 1788 319 Eleusine
1826 285 1926 320 nata

283 372 376 401 esse
414 364 586 413 putetur
625 358 680 407 (v.
725 354 783 407 6),
824 354 935 395 bene
973 353 1180 407 quadrare
1220 352 1277 392 ad
1309 350 1556 392 Eleusinem
1599 350 1925 404 Aegyptiacam,

281 430 421 472 vicum
441 429 731 470 suburbanum
750 425 1051 472 Alexandriae,
1078 425 1155 465 ubi
1186 422 1408 464 hominum
1441 423 1766 463 libidinosorum
1786 421 1927 463 locum

285 501 418 543 fuisse
446 500 600 542 Strabo
629 511 689 553 (p.
722 496 824 553 800)
853 496 1030 545 rettulit,
1059 495 1322 537 Sudhausius
1353 507 1423 535 me
1452 494 1610 536 docuit.

107 582 166 622 11.
180 581 271 632 (ΙΙ.)
288 579 371 621 Cui
388 579 626 632 fragmento
645 577 877 618 secundum
907 575 1025 629 quod
1054 574 1189 615 edidit
1205 575 1394 627 Jouguet
1422 574 1560 626 spatio
1584 572 1772 626 quodam
1801 572 1927 613 inter·

281 651 413 691 misso
446 649 792 704 postponendum
824 660 917 688 esse
944 647 1136 692 arbitror,
1165 658 1261 686 cum
1291 646 1336 685 in
1365 644 1495 685 altera
1527 644 1724 685 columna
1753 644 1842 685 eius
1873 644 1928 684 de

279 721 430 763 eadem
472 721 612 775 puella
653 719 870 760 liberanda
908 725 1067 772 agam.
1126 718 1243 758 Nam
1273 717 1436 757 iuvenis
1473 716 1646 770 quidam
1675 721 1816 756 narrat
1844 715 1928 756 col-

278 793 474 841 locutori,
514 792 733 846 quomodo
777 803 959 839 servum,
999 789 1074 843 qui
1117 787 1338 829 consilium
1368 800 1492 837 suum
1522 788 1702 841 probare
1730 787 1927 837 noluerit,

275 864 589 918 vituperaverit.
651 863 788 916 Quem
820 875 988 903 servum
1018 874 1065 902 se
1101 861 1144 900 vi
1174 860 1242 901 vel
1271 859 1372 900 dolo
1400 860 1465 900 uti
1494 859 1608 899 nolle
1638 872 1688 900 ea
1718 859 1772 899 de
1802 872 1928 900 causa

279 936 436 977 dixisse
480 945 600 990 puto,
639 935 757 988 quod
801 934 985 988 puellam
1027 946 1072 973 re
1115 945 1215 973 vera
1252 932 1429 972 liberam
1468 939 1610 972 natam
1651 944 1743 972 esse
1787 931 1925 972 sciret.

280 1009 395 1049 Nam
425 1009 589 1048 iuvenis
618 1007 689 1047 ille
718 1007 900 1047 orationi
928 1018 1029 1046 suae
1058 1003 1163 1045 haec
1198 1003 1319 1045 addit
1351 1003 1502 1044 verba:
1534 1003 1621 1044 Sed
1650 1004 1687 1043 si
1717 1002 1926 1043 tantulum

278 1080 368 1120 veri
408 1092 553 1120 servus
594 1079 716 1127 dixit,
755 1077 945 1119 omnium
975 1077 1130 1117 civium
1162 1075 1337 1116 interest
1365 1075 1521 1115 servari
1549 1074 1748 1128 puellam.
1810 1074 1926 1127 Quid

282 1151 452 1200 deinde,
468 1151 542 1204 qui
558 1150 869 1204 colloquuntur,
886 1149 1022 1191 facere
1037 1149 1310 1195 constituant,
1324 1146 1568 1200 intellegere
1582 1159 1669 1187 non
1683 1159 1924 1200 possumus.

395 1225 667 1264 Praesentem
723 1221 910 1275 aliquem
958 1221 1165 1273 increpari
1203 1220 1368 1260 censuit
1413 1220 1598 1272 Jouguet
1642 1224 1686 1258 et
1728 1217 1925 1259 lenonem

279 1307 372 1335 esse
415 1295 594 1348 putavit,
633 1294 708 1347 qui
753 1306 850 1333 eum
880 1293 1103 1345 vituperet,
1146 1304 1242 1332 cum
1273 1291 1397 1331 valde
1424 1290 1637 1343 glorietur,
1677 1290 1795 1343 quod
1824 1289 1925 1331 civis

281 1367 349 1407 sit.
420 1365 560 1419 Quam
602 1366 855 1406 sententiam
896 1364 1075 1418 probare
1116 1377 1203 1404 non
1238 1375 1427 1417 possum.
1473 1386 1528 1393 —
1574 1363 1627 1402 In
1667 1363 1817 1415 prioris
1857 1375 1925 1404 co—

282 1437 451 1479 lumnae
497 1438 698 1478 tredecim
742 1437 933 1477 versibus
977 1435 1088 1476 male
1133 1435 1307 1476 servatis
1351 1441 1515 1488 patrem
1565 1434 1779 1488 quendam
1824 1447 1925 1488 que-

284 1517 443 1550 rentem
484 1508 694 1557 videmus,
735 1508 852 1562 quod
891 1507 1018 1548 nemo
1058 1507 1195 1547 fidum
1225 1519 1272 1547 se
1300 1507 1555 1560 praestiterit
1588 1513 1767 1560 excepto
1796 1519 1926 1547 verna

281 1581 514 1621 Dromone.
583 1581 700 1620 Nam
752 1580 806 1620 de
854 1580 950 1633 ipso
994 1591 1166 1632 quoque
1205 1578 1298 1618 filio
1345 1578 1550 1631 adoptato
1589 1590 1635 1618 se
1676 1578 1781 1618 scire
1821 1578 1925 1618 dicit

283 1664 379 1692 eum
421 1664 559 1705 neque
600 1652 655 1692 ab
705 1651 828 1692 initio
866 1650 1111 1705 parentibus
1167 1651 1344 1702 gratiam
1388 1649 1588 1690 habuisse
1631 1662 1771 1703 neque
1813 1662 1926 1690 nunc

282 1723 472 1772 reddere,
501 1736 597 1764 cum
629 1721 813 1777 puellam
834 1735 962 1776 quam
993 1722 1177 1762 maxime
1206 1721 1364 1762 auxilio
1399 1729 1610 1762 carentem
1641 1734 1728 1763 non
1752 1722 1924 1762 adiuvet

283 1799 337 1845 (v.
371 1805 424 1847 24
440 1808 505 1849 sq.
536 1808 562 1835 a
590 1793 832 1835 Sudhausio
862 1794 1060 1848 explicati
1090 1795 1218 1845 sunt).

105 1873 188 1914 111.
211 1875 278 1924 (1.)
307 1873 459 1914 Puella
495 1886 559 1922 ea,
599 1886 726 1926 quam
763 1885 890 1927 saepe
929 1873 1366 1921 commemoravimus,
1408 1885 1459 1913 eo
1499 1873 1630 1913 modo
1670 1885 1693 1913 e
1730 1873 1924 1914 manibus

279 1944 443 1985 domini
470 1945 537 1985 sui
571 1944 748 1985 liberata
767 1945 935 1985 videtur
966 1956 1075 1993 esse,
1105 1951 1154 1984 ut
1183 1957 1207 1983 a
1237 1944 1482 1997 parentibus
1505 1945 1591 1984 suis
1612 1944 1753 1985 liberis
1782 1945 1925 1998 agnita

279 2016 348 2064 sit,
390 2028 487 2057 cum
518 2017 562 2056 in
593 2017 730 2070 priore
759 2016 956 2057 columna
986 2015 1211 2068 fragmenti
1240 2016 1343 2064 eius,
1384 2017 1501 2069 quod
1523 2016 1712 2069 Jouguet
1741 2016 1923 2070 primum

279 2086 428 2135 edidit,
469 2100 544 2141 per
583 2088 835 2128 vestimenta
874 2087 1050 2141 puerilia
1080 2094 1331 2140 agnoscatur
1358 2100 1383 2127 a
1412 2087 1657 2141 parentibus
1692 2088 1780 2128 suis
1818 2087 1923 2138 filia,

280 2171 389 2212 quae
441 2158 544 2199 olim
590 2159 754 2213 perdita
800 2166 903 2207 erat,
947 2171 1042 2200 cum
1098 2159 1153 2199 ad
1197 2158 1415 2199 mulierem
1473 2157 1726 2212 hospitalem
1776 2166 1924 2213 rogata

279 2230 409 2270 missa
448 2238 573 2271 esset.
618 2253 675 2261 —
720 2231 879 2271 Totum
922 2229 1033 2271 enim
1065 2230 1348 2284 fragmentum
1380 2231 1453 2284 qui
1489 2232 1733 2284 respexerit,
1774 2231 1924 2285 proba·

278 2300 405 2342 bilius
446 2314 541 2342 esse
581 2302 799 2351 concedet,
841 2302 907 2355 agi
938 2302 992 2342 de
1023 2301 1115 2342 filia
1143 2302 1326 2355 quadam
1367 2302 1508 2356 potius
1549 2315 1676 2355 quam
1723 2302 1777 2343 de
1816 2302 1923 2351 filio,

278 2372 441 2413 etiamsi
473 2385 582 2427 quae
612 2373 839 2414 adhibetur
869 2374 911 2414 in
943 2387 981 2414 v.
1016 2372 1069 2426 58
1100 2373 1301 2414 allocutio
1326 2377 1406 2415 παῖ
1435 2374 1490 2414 ad
1519 2381 1747 2428 utrumque
1777 2374 1923 2415 referri

281 2452 424 2498 potest
464 2442 535 2499 [cf.
577 2444 657 2485 Ph.
700 2445 894 2499 Legrand
938 2445 964 2485 l.
997 2445 1022 2485 1.
1066 2469 1119 2475 —-
1161 2446 1339 2486 formam
1371 2444 1631 2504 γαμουμένη
1672 2450 1725 2497 (ν.
1760 2447 1828 2499 59)
1868 2445 1923 2486 ad

278 2514 427 2564 filiam,
457 2528 542 2556 non
573 2516 628 2557 ad
658 2524 849 2565 matrem,
882 2517 1145 2557 referendam
1178 2530 1270 2557 esse
1300 2515 1461 2571 credo].

392 2585 443 2625 In
483 2585 681 2627 columna
719 2588 951 2641 posteriore
991 2595 1187 2641 parentes
1228 2588 1359 2628 filiam
1403 2588 1571 2629 fortuna
1600 2588 1680 2629 sibi
1711 2588 1919 2630 redditam

280 2658 322 2696 in
352 2655 527 2698 domum
563 2658 687 2699 vicini
721 2658 938 2699 cuiusdam
975 2659 1176 2700 inducunt
1207 2659 1279 2713 qui
1311 2658 1569 2708 Moschioni,
1599 2660 1715 2701 fratri
1741 2660 1921 2714 puellae,

279 2726 410 2767 liliam
442 2740 561 2768 suam
591 2741 638 2769 se
668 2729 865 2770 daturum
897 2730 1151 2783 nuptiasque
1181 2737 1422 2783 paraturum
1455 2743 1548 2771 esse
1578 2732 1783 2784 promisit.

401 2799 538 2840 Pauca
577 2798 699 2841 liceat
738 2799 821 2842 hoc
859 2800 954 2842 loco
994 2813 1017 2842 e
1055 2802 1295 2843 coniectura
1333 2802 1510 2843 addere:
1554 2802 1662 2843 Cum
1695 2802 1866 2855 nuptiae
1895 2815 1921 2842 a

277 2870 521 2923 parentibus
552 2879 823 2925 praeparatae
852 2872 895 2912 in
926 2873 1047 2914 novis
1079 2873 1311 2914 comoediis
1332 2874 1401 2914 vix
1428 2887 1613 2927 unquam
1636 2873 1920 2927 perficiantur,

276 2940 573 2983 Moschionem
625 2951 909 2985 recusaturum
957 2957 1048 2985 esse
1103 2952 1221 2999 puto,
1272 2958 1324 2986 ne
1379 2946 1493 2986 illam
1540 2945 1722 2999 puellam
1778 2946 1919 2986 ducat.

277 3013 416 3054 Immo
455 3027 552 3055 eum
591 3027 732 3055 amare
774 3028 867 3056 eam
909 3016 1091 3070 puellam
1134 3017 1344 3066 existimo,
1385 3030 1493 3070 quae
1533 3029 1644 3057 nunc
1682 3030 1801 3057 soror
1829 3017 1919 3059 eius

277 3085 388 3127 facta
427 3094 506 3134 est,
547 3086 606 3127 ita
645 3095 692 3128 ut
732 3087 861 3128 verba
900 3087 1064 3142 puellae
1104 3087 1230 3129 haec:
1273 3086 1295 3130 ὁ
1329 3085 1541 3145 Μοσχίων
1582 3084 1773 3143 ἀδελφὸς
1813 3085 1919 3145 ἰμός

277 3154 404 3205 betur.
449 3155 607 3216 πάτιρς
655 3164 854 3200 terrorem
910 3159 1001 3200 eius
1058 3160 1293 3213 exprimant
1340 3160 1407 3210 (cf.
1461 3160 1588 3200 etiam
1633 3161 1688 3199 A.
1737 3159 1918 3207 Koerte,

275 3227 303 3269 l.
344 3227 371 3268 1.
412 3242 454 3283 p.
498 3238 595 3282 ²29,
658 3231 730 3284 qui
785 3243 879 3271 cum
939 3230 1005 3271 bis
1056 3230 1300 3284 fragmentis
1346 3229 1609 3272 Moschionis
1663 3231 1706 3271 in
1746 3229 1917 3272 Pericir.
