2170 3510
768 543 805 573 1.
839 531 975 572 PAP.
1006 530 1207 571 HIBEH
1239 528 1278 570 6.

256 637 512 676 Asservatur
539 634 584 674 in
612 644 762 674 museo
790 631 982 671 Britann.
1020 631 1097 681 (nr.
1127 630 1213 670 inv.
1249 627 1385 682 1824).
1445 629 1638 682 Reperta
1667 634 1732 670 est
1761 628 1932 670 invico

116 705 269 763 {inuh
295 706 342 748 in
368 706 539 759 regione
566 705 719 758 Fajssm
750 704 795 744 in
823 700 1083 756 sarcophago
1112 700 1268 742 chartis
1297 700 1506 741 confecto.
1565 699 1684 742 Saec.
1706 714 1744 742 a.
1766 700 1867 742 Chr.
1887 714 1931 749 n,

114 768 199 820 111.
237 777 433 819 ineuntis.
492 776 628 816 Primi
666 775 891 816 ediderunt
921 772 1111 815 Grenfell
1150 778 1193 813 et
1223 773 1351 814 Haut
1388 772 1434 812 in
1471 784 1568 825 pap.
1599 771 1763 821 Hibeh‘
1793 771 1879 821 v01.
1907 773 1932 814 1

120 848 264 901 (1906)
301 861 344 903 p.
377 857 516 901 29—3
523 856 546 900 5
588 849 698 898 (cum
738 846 920 899 imagine
957 844 1263 899 phototypica).
1332 844 1524 896 Egerunt
1563 842 1617 885 de
1653 842 1734 885 hac
1770 856 1933 898 papyro

117 919 168 963 C.
197 919 318 961 Fuhr
344 921 390 960 in
419 918 533 960 Berl.
562 917 718 959 Philol.
748 915 1060 959 Wochenschr.
1098 914 1205 968 1906
1252 929 1295 969 p.
1332 924 1436 967 1411
1453 930 1463 965 ;
1508 915 1560 955 F.
1590 914 1743 966 B(lass)
1774 914 1818 955 in
1846 914 1932 955 Lit.

116 991 344 1033 Zentralbl.
388 989 498 1042 1906
532 1004 575 1044 p.
613 997 744 1040 1079;
783 990 842 1028 A.
881 988 1046 1029 Koerte
1085 988 1131 1027 in
1170 987 1283 1027 A.P.
1316 987 1384 1027 VI
1422 998 1465 1039 p.
1499 985 1579 1026 228
1597 999 1660 1039 sq.
1722 982 1804 1028 Cf.
1844 987 1936 1040 De..

118 1062 357 1112 miafiauk,
387 1061 536 1116 Suppl.
567 1074 691 1113 eom„
723 1061 775 1101 fr.
804 1061 952 1114 adesp.
981 1072 1044 1100 nr.
1079 1069 1145 1100 21.

262 1148 379 1203 Quid
407 1148 453 1188 in
472 1148 622 1201 fragm.
642 1160 668 1187 a
698 1145 987 1187 columnarum
1009 1147 1068 1187 11.
1090 1153 1134 1187 et
1151 1147 1234 1187 ΙΙΙ.
1266 1144 1398 1186 tribus
1429 1150 1472 1185 et
1502 1144 1778 1198 quadraginta
1807 1143 1934 1186 versi-⁴

121 1219 202 1261 bus
232 1219 343 1260 male
372 1219 548 1261 servatis
576 1225 716 1259 actum
746 1218 815 1267 sit,
845 1217 1032 1270 intellegi
1060 1229 1183 1270 aegre
1202 1222 1360 1270 potest.
1400 1216 1607 1257 Referam
1637 1222 1795 1266 autem,
1825 1220 1937 1270 qua'e

121 1297 315 1333 onustare
343 1290 448 1331 mihi
477 1291 686 1331 videntur.

267 1376 581 1430 Colloquuntur
619 1377 663 1416 in
691 1376 937 1430 posterioris
977 1374 1199 1416 columnae
1227 1388 1294 1414 vv.
1329 1373 1496 1426 21—38
1539 1374 1704 1414 Demea
1734 1387 1863 1415 senex
1892 1381 1936 1415 et

119 1449 284 1491 invenis
325 1448 523 1503 quidam3
567 1447 691 1488 adest
732 1447 860 1487 etiam
906 1459 1050 1487 servus
1093 1445 1218 1486 huius
1263 1446 1438 1486 iuvenis.
1498 1445 1638 1486 Senex
1676 1446 1854 1499 pecunia
1893 1453 1939 1487 et
1984 1435 1988 1437 ‚

121 1522 271 1564 ceteris
299 1519 439 1568 rebus,
478 1532 588 1574 quae
616 1519 673 1560 ad
701 1519 781 1560 iter
809 1518 1066 1560 necessariae
1094 1524 1206 1566 sunt,
1242 1518 1438 1559 iuvenem
1468 1517 1641 1558 adiuvat
1671 1519 1725 1569 (v,
1759 1526 1810 1569 27
1827 1520 1933 1580 sq.)3

121 1591 197 1647 qui
232 1604 328 1632 cum
366 1589 472 1632 haec
514 1593 703 1644 accipere
740 1591 936 1631 modeste
973 1596 1190 1631 cunctetur
1226 1590 1279 1641 (v.
1323 1589 1377 1630 28
1419 1595 1461 1629 et
1501 1590 1586 1642 32),
1630 1603 1655 1630 a
1694 1602 1817 1630 servo
1857 1603 1937 1631 suo

123 1661 458 1717 reprehenditur,
499 1662 574 1716 qui
613 1674 664 1703 ea
700 1661 944 1716 accipienda
973 1674 1066 1702 esse
1094 1667 1238 1702 censet
1276 1662 1330 1712 (v.
1361 1671 1413 1713 32
1432 1662 1526 1714 sq.).
1586 1661 1757 1701 Iuvenis
1796 1674 1938 1703 mores

120 1733 314 1775 Demeae
356 1741 405 1775 ut
445 1734 536 1774 viro
576 1734 739 1775 Graeco
782 1734 933 1786 dignos
977 1733 1121 1774 laudat
1166 1737 1209 1773 et
1247 1733 1532 1786 conqueritur,
1585 1733 1703 1786 quod
1746 1746 1800 1774 ne
1841 1732 1940 1774 huic

124 1805 300 1860 quidem
331 1806 501 1847 fortuna
530 1812 675 1860 pareat
714 1807 795 1857 (w.
827 1804 1027 1858 34—38).
1087 1805 1127 1844 E
1158 1817 1282 1845 versu
1322 1805 1436 1845 enim
1465 1804 1668 1845 vicesimo
1696 1805 1835 1857 primo
1864 1818 1936 1859 ap-

125 1882 246 1931 paret
282 1877 491 1919 Demeam
530 1890 617 1918 non
655 1877 793 1918 amico
831 1877 1013 1927 cuidam,
1053 1877 1129 1918 sed
1171 1876 1344 1917 inimico
1390 1876 1458 1917 vel
1487 1876 1629 1930 potius
1669 1876 1829 1918 inimici
1859 1877 1939 1917 viri

124 1946 218 1990 mio
245 1948 447 1990 auxilium
477 1961 680 2003 generose
710 1949 968 2003 praebuisse.

267 2034 334 2075 Ex
363 2035 516 2075 eodem
546 2048 586 2076 v.
619 2046 695 2076 21:
739 2031 803 2086 εἰς
833 2031 984 2092 αὔριον
1023 2032 1062 2077 δ’
1092 2032 1187 2094 ἤδη
1218 2032 1435 2090 πολέμιος
1475 2032 1653 2092 γίνομαι
1692 2035 1842 2088 prioris
1871 2047 1939 2075 co-

124 2105 294 2148 lumnae
322 2118 467 2147 versus
505 2106 644 2147 ultimi
673 2118 843 2147 sensum
872 2105 954 2147 hoc
985 2106 1074 2147 fere
1102 2106 1233 2147 modo
1262 2118 1487 2159 possumus
1528 2106 1770 2147 restituere:
1811 2105 1944 2147 hodie

125 2177 300 2232 quidem
329 2177 559 2232 benignum
581 2190 651 2220 me
672 2177 791 2219 vides
821 2179 972 2229 (exstat
1002 2190 1111 2232 quae
1130 2177 1394 2219 desideratur
1421 2190 1505 2219 vox
1534 2175 1755 2237 τήμερον).
1797 2178 1939 2232 Quem

123 2260 291 2291 venum
309 2250 567 2291 antecedunt
585 2257 797 2304 quattuor,
826 2262 1006 2304 quorum
1037 2262 1187 2291 sensus
1215 2250 1461 2304 perspicuus
1490 2261 1576 2290 non
1607 2256 1685 2298 est,
1715 2250 1793 2291 sed
1822 2250 1943 2291 nullo

125 2318 251 2374 signo
287 2320 391 2362 alias
421 2321 607 2376 incipere
635 2334 836 2376 personas
877 2333 1000 2375 agere
1029 2321 1249 2363 indicatur.
1310 2323 1464 2375 Itaque
1493 2334 1588 2363 cum
1624 2322 1668 2362 in
1698 2335 1765 2361 vv.
1804 2330 1940 2375 1—15

125 2393 374 2435 eontinuum
404 2393 624 2435 videamus
652 2406 904 2442 sermonem,
935 2394 1106 2435 easdem
1130 2406 1331 2447 personas
1362 2400 1490 2447 atque
1520 2393 1561 2433 in
1593 2393 1789 2436 columna
1819 2393 1944 2438 tertia

126 2463 171 2505 in
201 2464 386 2506 secunda
413 2477 534 2518 agere
563 2465 835 2507 statuendum
870 2473 949 2507 est.
1010 2466 1131 2520 Quae
1160 2466 1370 2508 sententia
1400 2466 1494 2520 ipso
1526 2471 1645 2506 textu
1675 2465 1943 2520 comprobari

127 2534 309 2578 videtur.

271 2621 347 2662 Ad
375 2622 570 2663 invenem
600 2631 644 2664 et
663 2636 829 2665 servum
851 2624 942 2665 eius
960 2623 1122 2665 accedit
1144 2624 1322 2672 Demea,
1352 2624 1426 2677 qui
1448 2623 1580 2664 domo
1600 2623 1742 2664 exiens
1773 2636 1942 2665 servum

127 2691 314 2747 aliquem
346 2694 445 2743 (non
474 2693 572 2735 dieo
599 2706 712 2744 eum,
752 2695 825 2749 qui
856 2695 939 2736 iam
970 2702 1095 2736 antea
1125 2696 1167 2736 in
1197 2707 1347 2736 scaena
1377 2698 1481 2747 erat)
1521 2695 1712 2736 dimittit.
1772 2696 1943 2738 Deinde

127 2761 198 2806 hic
234 2775 287 2806 ex
327 2764 477 2805 iuvene
507 2771 550 2805 et
578 2777 715 2813 servo,
744 2766 847 2819 quid
880 2765 1016 2807 facere
1045 2766 1353 2816 constituerint,
1391 2767 1568 2821 quaerit,
1608 2767 1666 2808 ad
1694 2767 1810 2821 quod
1839 2767 1943 2821 quid

129 2835 446 2890 repondeatur,
476 2835 661 2890 intellegi
690 2849 774 2877 non
805 2843 959 2891 potest·
1018 2837 1197 2888 Demea,
1227 2850 1281 2879 ne
1312 2844 1470 2879 temere
1499 2845 1625 2891 agant
1654 2851 1817 2892 suoque
1846 2852 1942 2880 con-

129 2905 230 2948 silio
266 2914 315 2949 ut
352 2891 539 2956 utantur,
583 2919 656 2948 eos
695 2907 896 2950 admonet
933 2908 1182 2963 suadetque.
1228 2916 1277 2951 ut
1315 2910 1499 2964 primum
1546 2910 1676 2951 domo
1719 2910 1942 2964 effugiant.

131 2976 281 3020 Habes
309 2978 403 3028 iter,
432 2979 487 3020 ad
518 2979 633 3033 quod
666 2979 904 3021 faciendum
935 2981 977 3021 in
996 2980 1193 3022 columna
1213 2981 1462 3035 insequente
1482 2981 1682 3023 auxilium
1703 2981 1942 3035 praebetur.

274 3062 368 3107 col,
399 3066 466 3107 111
496 3078 535 3106 v.
568 3075 623 3118 39
638 3077 702 3119 sq.
762 3065 868 3106 Post
897 3066 1025 3107 verba
1056 3064 1234 3110 ἔνδοθεν
1265 3066 1535 3126 commodem
1571 3069 1624 3118 (v.
1657 3070 1725 3119 34)
1767 3067 1942 3108 domum

132 3132 356 3178 intraverat
384 3136 563 3186 Demea,
593 3145 691 3191 post
721 3137 849 3178 verba
877 3140 996 3180 ποιεῖ
1023 3143 1171 3188 κακῶς
1202 3140 1255 3187 (v.
1290 3138 1360 3189 38)
1392 3138 1671 3179 discesserant
1709 3138 1872 3179 iuvenis
1901 3145 1945 3180 et

131 3216 291 3256 nervus,
318 3219 414 3249 cum
444 3208 608 3250 Demea
637 3208 768 3250 domo
797 3208 980 3262 erumpit
1010 3209 1152 3258 iratus,
1184 3209 1285 3262 quia
1314 3221 1488 3250 uxorem
1519 3209 1724 3251 infantem
1755 3208 1940 3263 aliquem

133 3277 347 3332 excepisse
378 3280 588 3333 cognovit.
648 3280 817 3330 Statim,
858 3288 905 3321 ut
934 3280 1129 3330 efferant,
1172 3279 1370 3334 postulat,
1413 3287 1456 3321 et
1486 3293 1580 3322 cum
1612 3279 1683 3322 illa
1720 3279 1941 3322 lacrimans

1631 3352 1686 3392 ¹0
