2170 3510
838 129 947 183 Pap.
978 125 1127 169 Hibeh
1157 135 1198 180 5.
1863 139 1924 188 13

175 278 228 319 fr.
258 278 288 318 d
331 276 511 317 Iamiam
550 272 844 329 explicandum
871 270 979 312 mihi
1007 278 1087 320 est,
1125 283 1199 312 cur
1226 270 1332 324 Pap.
1362 268 1505 309 Flind.
1534 268 1649 309 Petr.
1687 266 1926 308 columnam

333 349 518 403 priorem
560 345 711 401 papyri
754 342 904 384 Hibeh
949 351 972 396 5
1018 342 1146 396 priori
1191 340 1521 395 anteposuerim,
1570 351 1667 380 cum
1711 339 1756 379 in
1798 337 1931 378 altera

333 419 555 473 utriusque
581 415 807 469 fragmenti
836 414 1033 455 columna
1062 413 1211 454 eadem
1241 412 1418 453 inveniri
1447 411 1575 452 verba
1614 423 1741 465 supra
1769 410 1930 450 dictum

333 492 403 533 sit.
461 489 592 544 Quod
629 500 680 528 es
718 487 774 528 de
810 498 935 527 eausa
973 485 1133 526 factum
1171 490 1249 534 est,
1290 484 1408 538 quod
1445 483 1491 524 in
1529 483 1677 537 papyri
1714 481 1863 522 Hibeh
1904 488 1927 534 5

336 561 533 604 columna
551 560 588 600 1.
608 564 709 613 post
732 571 772 598 v.
794 568 851 611 40
879 563 1021 598 actum
1040 555 1156 596 finiri
1174 562 1296 610 puto,
1323 562 1368 595 et
1396 567 1506 608 quae
1524 553 1680 595 deinde
1699 559 1932 606 sequuntur

335 632 465 690 vespa
496 628 735 688 βοὸλ]ομ.αι
762 626 947 687 χαίρειν,
978 626 1088 684 βοᾶν
1117 633 1162 668 et
1191 622 1813 686 ἆ]τυχημάτων-ἀπολυθείς
1843 630 1932 664 tam

333 705 444 746 bene
485 708 717 757 congruant
746 713 843 742 cum
877 699 1099 741 columnae
1125 699 1186 739 H.
1218 705 1351 748 textu,
1389 704 1438 739 ut
1467 697 1520 738 ab
1550 709 1604 738 eo
1633 696 1817 751 separari
1845 707 1933 736 non

336 775 503 830 possint
531 781 575 815 et
604 773 660 814 ab
689 772 842 814 eodem
871 770 1047 812 homine
1075 771 1188 812 laeto
1215 769 1487 823 pronuntiata
1517 769 1702 809 debeant
1731 779 1835 808 esse.

393 847 503 888 Sunt
522 851 665 886 autem
681 856 790 898 quae
810 844 855 884 in
878 843 1000 884 initio
1019 849 1136 884 actus
1157 841 1396 896 incipientis
1419 847 1587 882 servato
1605 846 1788 893 aguntur
1804 838 1931 880 haec:

336 917 550 960 Strobilus
578 923 724 957 noster
753 914 951 956 thesauro
981 914 1167 968 quodam
1187 914 1362 954 invento
1391 919 1464 954 aut
1483 911 1662 966 pecunia
1690 911 1773 952 alio
1802 911 1935 952 modo

339 990 495 1043 adepta
516 990 569 1038 (v.
591 987 645 1028 62
663 1000 728 1041 sq.
745 983 965 1045 Κροίο[ου
985 1000 1033 1029 os
1054 990 1126 1029 νῦν
1145 983 1345 1044 πιπόηιε
1361 981 1683 1040 πλουσιώτερον
1705 981 1721 1037 ΙΙ
1743 980 1766 1024 ὁ
1789 979 1933 1038 Ζε[ὖς)

340 1061 555 1102 exsultans
583 1060 744 1100 laetitia
771 1059 817 1099 in
846 1070 1042 1099 scaenam
1072 1057 1266 1110 irrumpit
1293 1056 1500 1097 clamans:
1531 1068 1558 1095 o
1587 1067 1657 1095 me
1686 1054 1868 1104 felicem,
1898 1055 1937 1095 si

335 1130 436 1174 hinc
458 1130 672 1185 effugere!
705 1137 772 1171 et:
803 1142 953 1170 omnes
983 1129 1088 1170 deos
1117 1128 1188 1170 hic
1214 1129 1364 1169 adesse
1393 1127 1602 1180 benignos
1634 1125 1743 1168 scio!
1795 1126 1937 1167 Currit

337 1212 480 1245 antem
511 1210 743 1257 tantopere,
773 1208 823 1242 ut
851 1207 895 1242 et
922 1213 1133 1242 summam
1162 1199 1391 1254 spectantis
1411 1198 1735 1239 admirationem
1765 1203 1937 1238 moveat

339 1278 394 1326 (v.
426 1278 511 1328 49),
541 1287 679 1328 neque
707 1274 853 1315 audiat
880 1273 1064 1327 primum
1098 1285 1146 1313 se
1173 1271 1313 1313 vocari
1354 1272 1407 1323 (v.
1441 1272 1508 1324 54)
1550 1276 1594 1310 et
1623 1282 1669 1310 se
1700 1269 1936 1310 exanimem

338 1360 431 1389 ease
464 1346 576 1388 dicat
613 1342 742 1400 (Aa.
782 1344 858 1387 mi
888 1342 1007 1393 θεοί,
1045 1348 1122 1386 τοῦ
1158 1341 1402 1401 πνεύματος
1444 1352 1498 1396 54
1537 1350 1582 1384 et
1621 1346 1764 1386 σῶσον
1793 1355 1835 1383 v,
1868 1340 1936 1394 58,

336 1431 447 1473 quae
476 1418 605 1458 verba
633 1417 857 1471 explicavit
884 1415 1175 1467 Sudhausius).
1234 1415 1404 1456 Deinde
1433 1428 1551 1455 erum
1580 1427 1704 1455 suum
1727 1415 1937 1462 iuvenem,

336 1504 434 1532 cum
465 1490 637 1531 tandem
667 1489 835 1538 viderit,
868 1488 923 1528 de
951 1501 1077 1528 causa
1106 1487 1291 1528 laetitiae
1319 1499 1420 1527 suae
1449 1487 1667 1527 certiorem
1698 1485 1811 1527 facit.

397 1563 598 1616 Dignitas
640 1560 765 1602 huius
805 1560 1042 1614 fragmenti,
1084 1559 1200 1613 quod
1229 1558 1442 1599 Blassium
1482 1560 1731 1612 plerumque
1769 1563 1937 1599 secutus

340 1634 546 1688 explicavi
586 1634 655 1685 (cf.
695 1634 824 1674 etiam
854 1632 1086 1673 Koertium
1122 1631 1149 1671 1.
1180 1631 1239 1683 l.),
1287 1630 1402 1671 haud
1445 1630 1669 1671 mediocris
1714 1636 1794 1679 est,
1842 1642 1938 1670 cum

339 1719 512 1761 prorsus
530 1712 733 1759 congruat
752 1718 848 1746 cum
868 1717 986 1745 more
1005 1703 1207 1744 Plautino
1227 1702 1523 1744 introducendi
1541 1714 1684 1743 servos
1704 1708 1936 1751 currentes;

345 1778 463 1819 cuius
491 1778 620 1818 moris
651 1776 846 1831 exempla
874 1775 1044 1828 collegit
1067 1774 1288 1816 Conradus
1307 1774 1586 1815 Weissmann
1616 1774 1643 1814 l.
1668 1773 1711 1823 1.,
1733 1774 1805 1827 qui
1826 1773 1870 1814 in
1890 1786 1943 1815 eo

338 1852 505 1899 erravit,
550 1849 668 1903 quod
707 1849 780 1888 Fr.
821 1848 980 1888 Leonis
1020 1846 1343 1900 explicationem
1387 1845 1513 1886 huius
1558 1846 1783 1899 fragmenti
1825 1845 1942 1887 haud

339 1921 505 1963 felicem
546 1928 716 1962 secutus
759 1932 926 1961 servum
966 1925 1202 1961 currentem
1241 1932 1267 1958 a
1307 1918 1478 1959 Graecis
1520 1918 1808 1959 introductum
1849 1930 1942 1958 esso

341 1993 524 2046 negavit.

125 2065 177 2106 fr.
200 2077 310 2107 e—o
339 2065 491 2106 Cetera
511 2065 746 2117 fragmenta
765 2062 927 2103 minora
948 2069 1061 2110 sunt,
1091 2074 1217 2115 quam
1241 2068 1289 2102 ut
1308 2062 1363 2102 ad
1383 2067 1674 2115 argumentum
1696 2061 1942 2102 comoediae

343 2135 679 2189 cognoscendum
709 2134 805 2175 usui
835 2147 927 2175 esse
956 2134 1133 2188 possint.

270 2220 535 2264 Philemonis
579 2220 688 2262 hanc
735 2220 1001 2262 comoediam
1047 2232 1139 2261 esse
1181 2220 1400 2261 contendit
1445 2219 1648 2269 Blassius,
1692 2232 1787 2261 cum
1834 2231 1943 2273 quae

129 2293 327 2348 legumus
355 2294 399 2334 in
428 2293 551 2333 initio
580 2306 619 2333 v.
641 2292 696 2333 62
726 2292 889 2334 litterae
911 2288 1074 2350 Κροισ[
1102 2298 1334 2345 congruant
1362 2304 1457 2332 cum
1489 2291 1609 2332 initio
1639 2304 1781 2332 versus
1802 2290 1944 2332 Phile-

127 2366 270 2407 monis
313 2361 494 2423 Κροίσῳ
533 2361 659 2407 λαλῶ
701 2378 771 2407 σοι
809 2362 884 2406 καὶ
915 2361 1035 2419 Μίδᾳ
1063 2362 1139 2405 καὶ
1170 2359 1383 2420 Ταντάλῳ
1425 2363 1490 2413 (fr.
1527 2362 1606 2415 189
1638 2362 1799 2415 Kock).
1857 2361 1945 2403 Sed

130 2449 275 2479 vex-sus
304 2436 388 2486 ille,
417 2449 512 2478 cum
538 2436 623 2477 alio
644 2436 774 2477 modo
793 2435 1076 2477 restituendus
1106 2435 1175 2483 sit,
1205 2435 1442 2488 argumenti
1462 2436 1548 2475 vim
1570 2447 1654 2476 non
1685 2434 1769 2475 iam
1799 2434 1942 2475 habet·

129 2508 183 2551 In
211 2521 335 2550 versu
363 2516 504 2550 autem
539 2517 561 2558 7
594 2506 829 2566 νόμαρχος,
870 2507 1137 2561 magistratus
1166 2507 1468 2560 Aegyptiacus,
1499 2513 1866 2555 commemoratur,
1897 2512 1944 2547 ut

130 2579 396 2621 comoediam
432 2578 543 2620 lianc
582 2579 624 2619 in
664 2581 866 2633 Aegypto
902 2585 1039 2620 actam
1080 2590 1172 2620 esse
1214 2578 1303 2619 iure
1342 2578 1637 2619 contenderint
1672 2577 1862 2619 Grenfell
1902 2585 1946 2619 et

133 2650 270 2692 Hnnt.
331 2652 399 2691 Ac
437 2649 542 2691 mihi
583 2650 754 2703 quidem
787 2650 994 2704 persuasit
1023 2650 1225 2698 Blassius,
1264 2662 1358 2690 cum
1390 2662 1459 2690 vv,
1492 2658 1663 2703 50—54
1703 2650 1746 2690 in
1775 2650 1944 2691 laudem

133 2723 325 2776 Aegypti
355 2720 492 2763 dictos
513 2734 606 2763 esse
625 2722 751 2763 docet
779 2734 804 2762 a
826 2728 952 2775 poeta
971 2722 1156 2775 quodam
1178 2721 1355 2769 Graeco.
1386 2722 1459 2775 qui
1480 2722 1743 2763 auditoribus
1764 2721 1945 2763 blandiri

132 2793 313 2835 voluerit
344 2792 387 2843 (l.
408 2792 435 2833 1.
466 2806 508 2847 p.
539 2797 647 2845 104).
691 2793 959 2847 Quamquam
990 2805 1146 2834 nomen
1177 2793 1265 2834 eius
1296 2793 1473 2834 inveniri
1504 2806 1589 2834 non
1620 2799 1774 2846 potest,
1806 2800 1946 2834 tamen

134 2871 322 2906 nostram
362 2864 625 2906 comoediam
669 2864 801 2918 ignoti
845 2864 1062 2905 cuiusdam
1103 2871 1255 2918 poetae
1284 2877 1392 2918 opus
1422 2865 1647 2914 mediocre,
1687 2870 1735 2905 ut
1764 2864 1853 2904 visa
1882 2871 1946 2906 est

135 2935 475 2977 wihmowitzio
505 2943 548 2977 et
576 2935 684 2984 aliis.
724 2935 953 2989 putandam
993 2948 1085 2977 esse
1124 2937 1292 2978 credere
1322 2949 1407 2977 non
1438 2949 1626 2990 possum,
1667 2949 1763 2976 cum
1794 2936 1945 2976 mirum

135 3014 262 3057 emet,
301 3009 337 3049 si
378 3007 473 3049 talis
515 3006 762 3049 comoediae
801 3008 910 3049 inter
939 3021 1120 3062 papyros
1149 3019 1234 3050 non
1266 3009 1325 3050 ita
1355 3008 1508 3049 multas
1549 3008 1635 3048 duo
1667 3008 1748 3048 iam
1778 3007 1947 3049 codices

137 3078 432 3125 munissent„

279 3152 375 3193 Iure
393 3159 534 3193 autem
560 3152 629 3193 Fr.
658 3151 809 3192 Blassii
829 3152 1038 3193 sententia
1068 3152 1123 3193 ab
1155 3151 1352 3193 omnibus
1384 3151 1621 3205 improbata
1651 3158 1715 3191 est
1744 3163 1807 3199 ea,
1839 3149 1948 3193 hanc
2028 3176 2030 3179 v

137 3222 399 3264 comoediam
429 3236 455 3264 s
475 3223 631 3265 Plauto
660 3224 701 3263 in
724 3222 985 3264 Aululariam
1016 3235 1133 3264 suam
1165 3235 1408 3264 conversam
1440 3235 1547 3272 esse,
1577 3235 1671 3263 cum
1704 3222 1814 3263 inter
1831 3235 1949 3277 argu·

140 3298 284 3334 ments
310 3290 415 3335 lisec
442 3294 618 3335 minima
649 3301 809 3336 tantum
842 3294 1075 3335 intercedat
1103 3293 1351 3335 similitudo.
