2170 3510
222 110 251 147 2
261 111 289 148 2
718 108 881 138 NOVAE
911 108 1188 140 COMOEDIAE
1216 110 1516 141 FRAGMENTA

447 226 708 280 Menandrea
749 253 935 281 amorem
973 243 1179 294 contulit).
1249 243 1336 283 Sed
1383 244 1562 284 forsitan
1598 245 1794 287 Moschio
1842 260 1887 287 re
1925 254 2024 288 vera

447 324 534 351 non
572 312 627 352 sit
668 312 800 354 frater
835 313 938 361 eius,
978 315 1054 354 sed
1092 314 1205 355 filius
1244 314 1316 355 ille
1345 315 1585 368 adoptatus,
1625 318 1680 358 de
1719 331 1805 371 quo
1841 319 1886 358 in
1914 319 2023 372 frag—

447 384 583 423 menti
611 385 669 424 Π.
700 385 896 424 columna
925 386 960 424 I.
991 391 1131 426 actum
1162 392 1239 426 est.

533 455 704 495 Deinde
733 456 916 496 formula
945 454 1098 514 Χοροῦ
1128 463 1269 498 actum
1298 458 1414 498 finiri
1442 459 1712 512 significatur.

534 527 647 567 Tum
689 527 798 567 duae
838 540 1042 581 personae
1091 529 1136 568 in
1180 542 1373 570 scaenam
1412 531 1635 584 prodeunt,
1678 545 1856 585 quarum
1893 533 2022 573 altera

449 597 687 638 molestiam
737 599 826 640 eius
871 599 1181 653 reprehendens
1225 602 1278 641 ab
1332 602 1463 642 altera
1505 603 1706 656 postulat,
1744 610 1795 644 ut
1838 605 2024 652 tandem,

448 670 542 723 quis
584 670 639 711 sit
680 677 723 710 et
763 671 869 724 quid
906 684 1033 724 grave
1062 672 1143 712 sibi
1173 673 1311 714 dicere
1341 673 1454 723 velit,
1493 676 1765 727 pronuntiet3
1800 677 1875 730 qui
1904 677 2026 729 tergi-

448 748 650 790 versatur,
680 755 775 783 cum
791 743 895 782 iram
911 743 1022 784 illius
1044 744 1191 784 timere
1206 744 1410 785 videatur.
1457 746 1600 786 Facile
1626 760 1720 787 cum
1736 746 1815 788 Ph.
1831 748 2027 801 Legrand

448 814 683 866 suspicatus
713 814 770 854 sis
800 813 913 854 hunc
931 813 1146 854 hominem
1170 814 1391 857 dominum
1420 816 1585 869 puellae
1615 817 1669 857 de
1697 818 1910 871 agnitione
1936 819 2025 859 eius

449 885 669 925 certiorem
686 886 823 926 facere
834 886 956 933 velle,
977 886 1053 926 sed
1067 887 1191 926 certis
1205 888 1459 939 argumentis
1475 888 1636 928 firmari
1650 889 1755 931 illud
1770 902 1856 929 non
1870 896 2025 943 potest.

534 958 603 997 De
625 965 856 998 ceterorum
876 958 1206 1010 fragmentorum
1227 959 1374 999 ordine
1393 959 1476 999 iam
1497 959 1604 999 nihil
1623 960 1706 1000 dici
1733 967 1895 1014 potest;
1929 974 2027 1014 ergo

450 1029 605 1069 retinui
628 1029 824 1078 eundem,
846 1042 973 1082 quem
994 1031 1039 1069 in
1057 1030 1192 1082 prima
1212 1029 1399 1070 editione
1412 1031 1599 1083 Jouguet
1617 1032 1802 1071 instituit
1820 1032 2025 1072 ordinem.

220 1100 303 1141 IV.
319 1098 435 1155 (111.)
450 1101 591 1140 Mater
629 1100 838 1153 quaedam
878 1114 903 1141 a
942 1100 1032 1141 filia
1072 1101 1154 1151 (vel
1192 1101 1298 1153 filio)
1330 1102 1482 1142 certior
1520 1102 1586 1150 fit,
1621 1103 1838 1155 quomodo
1867 1111 2030 1144 amator

450 1173 639 1225 quidam,
677 1185 805 1225 quem
853 1173 1121 1225 paedagogus
1171 1173 1484 1226 vituperaverit,
1533 1186 1674 1214 coram
1714 1174 1852 1227 puella
1891 1181 2030 1214 amata

448 1244 683 1297 ceterisque
724 1257 770 1284 se
808 1244 996 1297 gesserit.
1056 1245 1116 1284 Et
1154 1257 1264 1297 quae
1302 1251 1427 1298 agant
1465 1258 1672 1298 personae
1711 1251 1755 1285 et
1793 1246 1847 1286 de
1876 1246 2030 1299 quibus

449 1322 608 1367 agatur,
638 1315 734 1355 sciri
762 1328 850 1355 non
877 1321 1032 1368 potest.

249 1387 308 1427 V.
326 1386 439 1439 (IV.)
458 1388 612 1428 Servus
653 1388 826 1440 quidam
857 1388 1031 1428 domino
1061 1400 1139 1428 suo
1170 1388 1223 1428 de
1254 1388 1394 1441 puella
1430 1389 1613 1442 quadam
1643 1390 1838 1429 nuntium
1868 1389 2035 1429 videtur

449 1459 616 1499 afferre.
685 1460 842 1499 Verbis
885 1456 1066 1510 δέδοικε,
1118 1458 1245 1519 φησί,
1295 1457 1509 1519 δεσπότην
1550 1458 1690 1514 ξὲνο[ν
1735 1461 1937 1514 probatur
1981 1473 2030 1501 ea

452 1531 661 1571 sententia
680 1537 838 1578 nostra,
871 1531 1054 1584 puellam
1085 1532 1297 1584 quandam
1317 1544 1341 1571 e
1363 1532 1558 1572 manibus
1580 1532 1744 1572 lenonis
1769 1532 2028 1572 liberandam

450 1615 542 1643 esse
573 1603 640 1653 (cf.
670 1603 867 1655 Legrand
895 1602 923 1642 1.
953 1602 980 1642 1.
1013 1616 1055 1655 p.
1090 1605 1198 1654 123).

219 1674 302 1714 VI.
320 1672 411 1729 (V.)
428 1674 532 1714 VII.
551 1675 661 1726 (VI.)
694 1674 907 1715 Occurunt
931 1675 1104 1714 nomina
1128 1674 1238 1714 servi
1257 1675 1443 1715 Donacis
1463 1682 1505 1715 et
1531 1675 1759 1716 meretricis
1780 1673 2029 1715 Malthaces.

362 1760 639 1814 Perspicuum
660 1766 725 1800 est
745 1774 821 1800 nos
842 1761 1088 1801 comoediae
1107 1766 1400 1813 argumentum
1421 1774 1567 1814 parum
1587 1773 1851 1813 cognoscere,
1871 1761 2028 1800 nedum

221 1832 402 1872 auctoris
433 1844 590 1871 nomen
619 1838 662 1871 et
692 1838 857 1884 tempus
889 1833 1074 1872 invenire
1094 1833 1320 1885 possimus.
1355 1833 1540 1885 Jouguet
1561 1833 1614 1872 de
1634 1832 1860 1872 Menandri
1879 1833 2031 1885 Hypo-

220 1903 432 1944 bolimaeo
472 1903 685 1955 cogitavit,
725 1903 801 1942 sed
829 1909 1089 1955 argumenta,
1130 1903 1284 1956 quibus
1314 1904 1429 1943 nisus
1461 1909 1538 1952 est,
1579 1904 1703 1943 nimis
1733 1903 1890 1943 incerta
1919 1909 2029 1943 sunt.

363 1974 552 2014 Blassius
593 1975 657 2024 (B.
676 1974 724 2014 C.
742 1975 802 2014 H.
847 1974 1000 2014 XXX
1040 1988 1082 2027 p.
1119 1976 1212 2026 123)
1253 1973 1358 2014 haec
1397 1975 1630 2026 fragmenta
1668 1987 1755 2013 non
1794 1974 2031 2014 Menandro

221 2046 360 2087 solum
390 2047 467 2086 sed
496 2047 622 2086 etiam
654 2047 898 2086 comoediae
927 2058 1062 2086 novae
1091 2045 1350 2087 abiudicavit
1380 2054 1436 2092 et,
1465 2052 1514 2086 ut
1543 2046 1828 2099 semipoetica‚
1867 2045 2033 2085 mediae

221 2130 272 2158 ea
301 2118 528 2158 attribuere
548 2118 709 2158 maluit.
750 2118 838 2158 Sed
867 2118 903 2157 si
932 2129 995 2166 ea,
1026 2131 1135 2170 quae
1165 2118 1218 2157 de
1238 2123 1483 2170 argumento
1503 2118 1790 2170 cognovimus,
1806 2117 2031 2170 respexeri-

224 2202 333 2239 mus,
364 2190 468 2242 quin
498 2202 633 2229 novae
663 2189 908 2229 comoediae
938 2189 1172 2241 fragmenta
1201 2189 1299 2237 sint,
1329 2202 1415 2228 non
1445 2189 1745 2229 dubitabimus.

364 2262 404 2300 E
443 2273 566 2300 versu
608 2259 645 2300 6.
693 2261 956 2300 comoediam
997 2260 1284 2301 Alexandriae
1314 2266 1449 2300 actam
1481 2266 1523 2299 et
1552 2273 1576 2299 a
1605 2267 1732 2312 poeta
1765 2259 2031 2312 Aegyptiaco

224 2333 423 2386 scriptam
454 2345 545 2372 esse
576 2332 771 2372 concludi
800 2332 981 2372 fortasse
1010 2337 1163 2384 potest.

1067 2450 1121 2495 fr.
1163 2449 1187 2494 I

74 2536 165 2584 col.
188 2535 228 2587 Ι.
257 2529 367 2600 (Α.)
409 2572 758 2586 .........
804 2531 895 2602 ]ων
935 2529 1293 2583 ἀπολεσάντων
1331 2529 1546 2591 παιδίον,

400 2616 433 2688 ἢ
474 2616 739 2687 κηδεμόνι]
781 2618 964 2670 δόντων
1003 2620 1216 2687 τρέφειν,
1255 2614 1287 2685 ἢ
1327 2618 1410 2668 τὸν
1447 2619 1616 2677 τόπον,

400 2701 522 2756 ὅθεν
561 2701 699 2764 εἰσίν,
740 2702 1176 2773 ὲγ]γεγραμμὲνων
1217 2700 1390 2761 ἄλλως
1428 2700 1537 2753 ἐκεῖ
1559 2732 1628 2739 --

256 2787 362 2858 (Β.)
404 2786 587 2841 οὔκουν
624 2787 880 2871 χαλεπι]όν
919 2787 1031 2840 ποτ’
1069 2788 1199 2840 ἐστὶν
1239 2783 1367 2839 οῧτω
1407 2795 1701 2858 μαρτυρεῖνς

366 2915 396 2951 4
426 2910 526 2943 ante
556 2903 716 2943 litteras
747 2902 840 2944 ΟΝ
872 2904 1048 2942 minima
1078 2903 1286 2955 quaedam
1316 2903 1491 2954 vestigia
1523 2902 1699 2954 dispexi‚
1740 2912 1848 2952 quae
1878 2900 1934 2939 ad
1968 2899 2033 2939 lit-

227 2966 360 3000 teram
390 2959 433 3000 Π
465 2961 673 3012 quadrant

372 3087 512 3115 ι-ιο
549 3088 789 3115 sermonem
829 3074 1152 3122 vivacissimum,
1192 3079 1397 3126 quantum
1438 3073 1571 3126 potui,
1612 3070 1806 3110 distribui
1925 3082 2034 3117 ¹-4

229 3133 384 3172 desunt
407 3142 424 3171 1
437 3143 453 3171 1
479 3134 567 3171 fere
586 3132 751 3172 litterae
835 3143 851 3171 ι
885 3132 929 3170 in
948 3132 1070 3171 initio
1091 3132 1221 3170 fuisse
1241 3130 1403 3186 γονέων
1423 3130 1512 3169 veri
1532 3128 1668 3169 simile
1689 3133 1765 3166 est.
1841 3139 1867 3166 2
1897 3127 2033 3179 suppl.

229 3189 364 3229 Sudh.
425 3186 652 3242 ὲκ]δόντων
682 3187 906 3243 Bl(assius)
936 3189 1032 3228 fort.
1062 3186 1096 3246 ἢ
1128 3187 1222 3231 νὲον
1253 3187 1299 3229 ὂν
1330 3184 1510 3239 ἐκ]δοντ.
1592 3197 1619 3232 3
1651 3182 2035 3242 ὲγ]γεγραμμὲνων

227 3245 348 3286 Schr.
405 3244 511 3288 ὅθεν
543 3243 648 3288 εἰσὶν
678 3245 810 3286 Sudh.
899 3257 928 3292 4
957 3245 1094 3298 suppl.
1126 3244 1243 3285 Schr.
