<?xml version="1.0" encoding="UTF-8"?>
<!DOCTYPE html PUBLIC "-//W3C//DTD XHTML 1.0 Transitional//EN"
    "http://www.w3.org/TR/xhtml1/DTD/xhtml1-transitional.dtd">
<html xmlns="http://www.w3.org/1999/xhtml" xml:lang="en" lang="en">
 <head>
  <title>
</title>
<meta http-equiv="Content-Type" content="text/html;charset=utf-8" />
  <meta name='ocr-system' content='tesseract 3.04.00' />
  <meta name='ocr-capabilities' content='ocr_page ocr_carea ocr_par ocr_line ocrx_word'/>
</head>
<body>
  <div class='ocr_page' id='page_1' title='image "./novaecomoediaefr00schruoft/novaecomoediaefr00schruoft_0034.png"; bbox 0 0 2170 3510; ppageno 0'>
   <div class='ocr_carea' id='block_1_1' title="bbox 208 141 1508 199">
    <p class='ocr_par' dir='ltr' id='par_1_1' title="bbox 208 141 1508 199">
     <span class='ocr_line' id='line_1_1' title="bbox 208 141 1508 199; baseline -0.002 -26"><span class='ocrx_word' id='word_1_1' title='bbox 208 150 279 199; x_wconf 76' lang='lat'>30</span> <span class='ocrx_word' id='word_1_2' title='bbox 708 143 872 173; x_wconf 84' lang='lat' dir='ltr'>NOVAE</span> <span class='ocrx_word' id='word_1_3' title='bbox 902 141 1176 172; x_wconf 87' lang='lat' dir='ltr'>COMOEDIAE</span> <span class='ocrx_word' id='word_1_4' title='bbox 1207 141 1508 172; x_wconf 81' lang='lat' dir='ltr'>FRAGMENTA</span> 
     </span>
    </p>
   </div>
   <div class='ocr_carea' id='block_1_2' title="bbox 206 274 2016 470">
    <p class='ocr_par' dir='ltr' id='par_1_2' title="bbox 206 274 2016 470">
     <span class='ocr_line' id='line_1_2' title="bbox 208 274 2016 327; baseline -0.001 -10"><span class='ocrx_word' id='word_1_5' title='bbox 208 275 400 317; x_wconf 82' lang='lat' dir='ltr'>exhibuit</span> <span class='ocrx_word' id='word_1_6' title='bbox 439 274 642 315; x_wconf 88' lang='lat' dir='ltr'>Alfredus</span> <span class='ocrx_word' id='word_1_7' title='bbox 684 275 851 314; x_wconf 90' lang='lat' dir='ltr'>Koerte</span> <span class='ocrx_word' id='word_1_8' title='bbox 890 274 935 314; x_wconf 91' lang='lat' dir='ltr'>in</span> <span class='ocrx_word' id='word_1_9' title='bbox 973 275 1162 314; x_wconf 89' lang='lat' dir='ltr'>Hermae</span> <span class='ocrx_word' id='word_1_10' title='bbox 1201 274 1283 314; x_wconf 89' lang='lat' dir='ltr'>vol.</span> <span class='ocrx_word' id='word_1_11' title='bbox 1325 284 1377 326; x_wconf 90' lang='lat'>43</span> <span class='ocrx_word' id='word_1_12' title='bbox 1425 274 1565 326; x_wconf 90' lang='lat'>(1908)</span> <span class='ocrx_word' id='word_1_13' title='bbox 1606 287 1647 327; x_wconf 89' lang='lat' dir='ltr'>p.</span> <span class='ocrx_word' id='word_1_14' title='bbox 1679 274 1844 327; x_wconf 71' lang='lat'>38-—57</span> <span class='ocrx_word' id='word_1_15' title='bbox 1890 283 1932 316; x_wconf 89' lang='lat' dir='ltr'>et</span> <span class='ocrx_word' id='word_1_16' title='bbox 1969 276 2016 317; x_wconf 90' lang='lat' dir='ltr'>in</span> 
     </span>
     <span class='ocr_line' id='line_1_3' title="bbox 207 346 2013 402; baseline 0.001 -15"><span class='ocrx_word' id='word_1_17' title='bbox 207 349 264 387; x_wconf 93' lang='lat' dir='ltr'>A.</span> <span class='ocrx_word' id='word_1_18' title='bbox 296 347 347 386; x_wconf 87' lang='lat' dir='ltr'>P.</span> <span class='ocrx_word' id='word_1_19' title='bbox 377 347 445 387; x_wconf 93' lang='lat' dir='ltr'>VI</span> <span class='ocrx_word' id='word_1_20' title='bbox 474 360 516 399; x_wconf 92' lang='lat' dir='ltr'>p.</span> <span class='ocrx_word' id='word_1_21' title='bbox 552 355 634 397; x_wconf 88' lang='lat'>230</span> <span class='ocrx_word' id='word_1_22' title='bbox 649 358 728 398; x_wconf 92' lang='lat' dir='ltr'>sq.,</span> <span class='ocrx_word' id='word_1_23' title='bbox 759 346 833 398; x_wconf 91' lang='lat' dir='ltr'>qui</span> <span class='ocrx_word' id='word_1_24' title='bbox 862 358 950 385; x_wconf 91' lang='lat' dir='ltr'>non</span> <span class='ocrx_word' id='word_1_25' title='bbox 979 358 1112 398; x_wconf 91' lang='lat' dir='ltr'>pauca</span> <span class='ocrx_word' id='word_1_26' title='bbox 1141 346 1316 386; x_wconf 89' lang='lat' dir='ltr'>sanavit.</span> <span class='ocrx_word' id='word_1_27' title='bbox 1350 346 1417 397; x_wconf 83' lang='lat' dir='ltr'>(cf.</span> <span class='ocrx_word' id='word_1_28' title='bbox 1448 346 1758 386; x_wconf 77' lang='lat' dir='ltr'>Demiaficzuk:</span> <span class='ocrx_word' id='word_1_29' title='bbox 1787 347 1839 388; x_wconf 85' lang='lat' dir='ltr'>fr.</span> <span class='ocrx_word' id='word_1_30' title='bbox 1868 347 2013 402; x_wconf 77' lang='lat' dir='ltr'>adesp-</span> 
     </span>
     <span class='ocr_line' id='line_1_4' title="bbox 206 417 1425 470; baseline -0.001 -13"><span class='ocrx_word' id='word_1_31' title='bbox 206 431 268 458; x_wconf 89' lang='lat' dir='ltr'>nr.</span> <span class='ocrx_word' id='word_1_32' title='bbox 302 427 467 469; x_wconf 88' lang='lat'>22—23</span> <span class='ocrx_word' id='word_1_33' title='bbox 501 423 544 457; x_wconf 92' lang='lat' dir='ltr'>et</span> <span class='ocrx_word' id='word_1_34' title='bbox 572 417 623 456; x_wconf 92' lang='lat' dir='ltr'>P.</span> <span class='ocrx_word' id='word_1_35' title='bbox 656 417 872 470; x_wconf 88' lang='lat' dir='ltr'>Legrand:</span> <span class='ocrx_word' id='word_1_36' title='bbox 904 418 1022 456; x_wconf 91' lang='lat' dir='ltr'>Daos</span> <span class='ocrx_word' id='word_1_37' title='bbox 1053 430 1094 470; x_wconf 93' lang='lat' dir='ltr'>p.</span> <span class='ocrx_word' id='word_1_38' title='bbox 1128 427 1206 469; x_wconf 89' lang='lat'>341</span> <span class='ocrx_word' id='word_1_39' title='bbox 1241 417 1338 456; x_wconf 91' lang='lat' dir='ltr'>adn.</span> <span class='ocrx_word' id='word_1_40' title='bbox 1369 418 1425 468; x_wconf 89' lang='lat'>4).</span> 
     </span>
    </p>
   </div>
   <div class='ocr_carea' id='block_1_3' title="bbox 207 495 2025 1762">
    <p class='ocr_par' dir='ltr' id='par_1_3' title="bbox 207 495 2020 905">
     <span class='ocr_line' id='line_1_5' title="bbox 353 495 2020 548; baseline 0.002 -13"><span class='ocrx_word' id='word_1_41' title='bbox 353 496 565 548; x_wconf 77' lang='lat' dir='ltr'><strong>Quattuor</strong></span> <span class='ocrx_word' id='word_1_42' title='bbox 604 496 838 547; x_wconf 88' lang='lat' dir='ltr'>fragmenta</span> <span class='ocrx_word' id='word_1_43' title='bbox 880 508 906 534; x_wconf 90' lang='lat' dir='ltr'>a</span> <span class='ocrx_word' id='word_1_44' title='bbox 934 495 1100 535; x_wconf 89' lang='lat' dir='ltr'>Blassio</span> <span class='ocrx_word' id='word_1_45' title='bbox 1138 495 1318 536; x_wconf 84' lang='lat' dir='ltr'>feliciter</span> <span class='ocrx_word' id='word_1_46' title='bbox 1356 495 1575 535; x_wconf 89' lang='lat' dir='ltr'>coniuncta</span> <span class='ocrx_word' id='word_1_47' title='bbox 1611 502 1721 536; x_wconf 90' lang='lat' dir='ltr'>sunt.</span> <span class='ocrx_word' id='word_1_48' title='bbox 1781 495 2020 539; x_wconf 81' lang='lat' dir='ltr'>Columnae</span> 
     </span>
     <span class='ocr_line' id='line_1_6' title="bbox 209 566 2018 622; baseline 0.001 -15"><span class='ocrx_word' id='word_1_49' title='bbox 209 567 417 608; x_wconf 89' lang='lat' dir='ltr'>secundae</span> <span class='ocrx_word' id='word_1_50' title='bbox 446 579 614 607; x_wconf 89' lang='lat' dir='ltr'>versum</span> <span class='ocrx_word' id='word_1_51' title='bbox 645 566 876 606; x_wconf 90' lang='lat' dir='ltr'>secundum</span> <span class='ocrx_word' id='word_1_52' title='bbox 908 566 1036 606; x_wconf 92' lang='lat' dir='ltr'>totius</span> <span class='ocrx_word' id='word_1_53' title='bbox 1067 566 1312 607; x_wconf 88' lang='lat' dir='ltr'>comoediae</span> <span class='ocrx_word' id='word_1_54' title='bbox 1340 566 1616 607; x_wconf 89' lang='lat' dir='ltr'>centesimum</span> <span class='ocrx_word' id='word_1_55' title='bbox 1645 566 1776 607; x_wconf 88' lang='lat' dir='ltr'>fuisse</span> <span class='ocrx_word' id='word_1_56' title='bbox 1804 568 2018 622; x_wconf 87' lang='lat' dir='ltr'>adscripta</span> 
     </span>
     <span class='ocr_line' id='line_1_7' title="bbox 208 637 2018 695; baseline 0.002 -18"><span class='ocrx_word' id='word_1_57' title='bbox 208 637 347 678; x_wconf 88' lang='lat' dir='ltr'>littera</span> <span class='ocrx_word' id='word_1_58' title='bbox 392 652 414 695; x_wconf 91' lang='grc' dir='ltr'>ρ</span> <span class='ocrx_word' id='word_1_59' title='bbox 455 637 738 690; x_wconf 88' lang='lat' dir='ltr'>significatum</span> <span class='ocrx_word' id='word_1_60' title='bbox 785 643 861 677; x_wconf 92' lang='lat' dir='ltr'>est.</span> <span class='ocrx_word' id='word_1_61' title='bbox 935 639 1088 691; x_wconf 88' lang='lat' dir='ltr'>Itaque</span> <span class='ocrx_word' id='word_1_62' title='bbox 1131 650 1226 678; x_wconf 92' lang='lat' dir='ltr'>cum</span> <span class='ocrx_word' id='word_1_63' title='bbox 1275 637 1462 690; x_wconf 87' lang='lat' dir='ltr'><strong>singulae</strong></span> <span class='ocrx_word' id='word_1_64' title='bbox 1511 637 1729 678; x_wconf 89' lang='lat' dir='ltr'>columnae</span> <span class='ocrx_word' id='word_1_65' title='bbox 1775 646 1826 688; x_wconf 91' lang='lat'>27</span> <span class='ocrx_word' id='word_1_66' title='bbox 1871 652 2018 681; x_wconf 87' lang='lat' dir='ltr'>versus</span> 
     </span>
     <span class='ocr_line' id='line_1_8' title="bbox 207 709 2018 763; baseline 0.001 -14"><span class='ocrx_word' id='word_1_67' title='bbox 207 710 464 758; x_wconf 88' lang='lat' dir='ltr'>contineant,</span> <span class='ocrx_word' id='word_1_68' title='bbox 508 715 699 748; x_wconf 92' lang='lat' dir='ltr'>nostrum</span> <span class='ocrx_word' id='word_1_69' title='bbox 745 709 1027 761; x_wconf 77' lang='lat' dir='ltr'>fragmentum</span> <span class='ocrx_word' id='word_1_70' title='bbox 1067 723 1093 749; x_wconf 92' lang='lat' dir='ltr'>a</span> <span class='ocrx_word' id='word_1_71' title='bbox 1134 709 1378 749; x_wconf 90' lang='lat' dir='ltr'>comoediae</span> <span class='ocrx_word' id='word_1_72' title='bbox 1421 723 1459 749; x_wconf 85' lang='lat' dir='ltr'>v.</span> <span class='ocrx_word' id='word_1_73' title='bbox 1504 717 1555 759; x_wconf 91' lang='lat'>72</span> <span class='ocrx_word' id='word_1_74' title='bbox 1595 710 1778 763; x_wconf 87' lang='lat' dir='ltr'>incipere</span> <span class='ocrx_word' id='word_1_75' title='bbox 1822 710 2018 752; x_wconf 87' lang='lat' dir='ltr'>concludi</span> 
     </span>
     <span class='ocr_line' id='line_1_9' title="bbox 208 780 2020 834; baseline 0.002 -14"><span class='ocrx_word' id='word_1_76' title='bbox 208 786 363 833; x_wconf 92' lang='lat' dir='ltr'>potest.</span> <span class='ocrx_word' id='word_1_77' title='bbox 407 781 459 820; x_wconf 92' lang='lat' dir='ltr'>In</span> <span class='ocrx_word' id='word_1_78' title='bbox 479 793 601 820; x_wconf 90' lang='lat' dir='ltr'>verso</span> <span class='ocrx_word' id='word_1_79' title='bbox 622 780 770 834; x_wconf 87' lang='lat' dir='ltr'>papyri</span> <span class='ocrx_word' id='word_1_80' title='bbox 801 780 886 820; x_wconf 93' lang='lat' dir='ltr'>duo</span> <span class='ocrx_word' id='word_1_81' title='bbox 916 780 1079 833; x_wconf 87' lang='lat' dir='ltr'>prologi</span> <span class='ocrx_word' id='word_1_82' title='bbox 1108 781 1390 828; x_wconf 89' lang='lat' dir='ltr'>inveniuntur,</span> <span class='ocrx_word' id='word_1_83' title='bbox 1421 780 1475 820; x_wconf 88' lang='lat' dir='ltr'>de</span> <span class='ocrx_word' id='word_1_84' title='bbox 1500 782 1668 834; x_wconf 91' lang='lat' dir='ltr'>quibus,</span> <span class='ocrx_word' id='word_1_85' title='bbox 1700 794 1794 822; x_wconf 90' lang='lat' dir='ltr'>cum</span> <span class='ocrx_word' id='word_1_86' title='bbox 1825 782 1880 821; x_wconf 90' lang='lat' dir='ltr'>ad</span> <span class='ocrx_word' id='word_1_87' title='bbox 1909 781 2020 823; x_wconf 89' lang='lat' dir='ltr'>hanc</span> 
     </span>
     <span class='ocr_line' id='line_1_10' title="bbox 208 850 1724 905; baseline 0.001 -14"><span class='ocrx_word' id='word_1_88' title='bbox 208 852 470 891; x_wconf 86' lang='lat' dir='ltr'>comoediam</span> <span class='ocrx_word' id='word_1_89' title='bbox 501 852 710 904; x_wconf 91' lang='lat' dir='ltr'>pertinere</span> <span class='ocrx_word' id='word_1_90' title='bbox 739 850 844 890; x_wconf 90' lang='lat' dir='ltr'>mihi</span> <span class='ocrx_word' id='word_1_91' title='bbox 872 864 960 891; x_wconf 90' lang='lat' dir='ltr'>non</span> <span class='ocrx_word' id='word_1_92' title='bbox 988 852 1223 901; x_wconf 89' lang='lat' dir='ltr'>videantur,</span> <span class='ocrx_word' id='word_1_93' title='bbox 1254 852 1299 891; x_wconf 89' lang='lat' dir='ltr'>in</span> <span class='ocrx_word' id='word_1_94' title='bbox 1328 852 1560 904; x_wconf 87' lang='lat' dir='ltr'>appendice</span> <span class='ocrx_word' id='word_1_95' title='bbox 1590 865 1724 905; x_wconf 89' lang='lat' dir='ltr'>agam.</span> 
     </span>
    </p>

    <p class='ocr_par' dir='ltr' id='par_1_4' title="bbox 209 922 2025 1762">
     <span class='ocr_line' id='line_1_11' title="bbox 353 922 2023 977; baseline 0.002 -15"><span class='ocrx_word' id='word_1_96' title='bbox 353 924 404 962; x_wconf 91' lang='lat' dir='ltr'>In</span> <span class='ocrx_word' id='word_1_97' title='bbox 433 923 570 976; x_wconf 89' lang='lat' dir='ltr'>prima</span> <span class='ocrx_word' id='word_1_98' title='bbox 599 922 794 962; x_wconf 88' lang='lat' dir='ltr'>columna</span> <span class='ocrx_word' id='word_1_99' title='bbox 821 935 964 963; x_wconf 91' lang='lat' dir='ltr'>secum</span> <span class='ocrx_word' id='word_1_100' title='bbox 994 922 1237 976; x_wconf 89' lang='lat' dir='ltr'>loquentem</span> <span class='ocrx_word' id='word_1_101' title='bbox 1257 923 1451 963; x_wconf 88' lang='lat' dir='ltr'>videmus</span> <span class='ocrx_word' id='word_1_102' title='bbox 1477 936 1657 973; x_wconf 75' lang='lat' dir='ltr'>servm,</span> <span class='ocrx_word' id='word_1_103' title='bbox 1687 925 1762 977; x_wconf 92' lang='lat' dir='ltr'>qui</span> <span class='ocrx_word' id='word_1_104' title='bbox 1791 938 1815 965; x_wconf 92' lang='lat' dir='ltr'>a</span> <span class='ocrx_word' id='word_1_105' title='bbox 1845 925 2023 966; x_wconf 89' lang='lat' dir='ltr'>domina.</span> 
     </span>
     <span class='ocr_line' id='line_1_12' title="bbox 209 994 2019 1050; baseline 0.001 -15"><span class='ocrx_word' id='word_1_106' title='bbox 209 1007 285 1035; x_wconf 92' lang='lat' dir='ltr'>sua</span> <span class='ocrx_word' id='word_1_107' title='bbox 314 1000 487 1047; x_wconf 91' lang='lat' dir='ltr'>propter</span> <span class='ocrx_word' id='word_1_108' title='bbox 514 994 723 1050; x_wconf 85' lang='lat' dir='ltr'>flagitium</span> <span class='ocrx_word' id='word_1_109' title='bbox 754 994 928 1047; x_wconf 89' lang='lat' dir='ltr'>aliquod</span> <span class='ocrx_word' id='word_1_110' title='bbox 948 995 1208 1048; x_wconf 88' lang='lat' dir='ltr'>vituperatus</span> <span class='ocrx_word' id='word_1_111' title='bbox 1239 1007 1334 1034; x_wconf 88' lang='lat' dir='ltr'>esse</span> <span class='ocrx_word' id='word_1_112' title='bbox 1351 995 1531 1035; x_wconf 89' lang='lat' dir='ltr'>videtur.</span> <span class='ocrx_word' id='word_1_113' title='bbox 1590 997 1630 1035; x_wconf 93' lang='lat' dir='ltr'><strong>E</strong></span> <span class='ocrx_word' id='word_1_114' title='bbox 1658 996 1848 1036; x_wconf 85' lang='lat' dir='ltr'>versibus</span> <span class='ocrx_word' id='word_1_115' title='bbox 1879 1007 1934 1047; x_wconf 89' lang='lat'>99</span> <span class='ocrx_word' id='word_1_116' title='bbox 1951 1010 2019 1049; x_wconf 84' lang='lat' dir='ltr'>sq.</span> 
     </span>
     <span class='ocr_line' id='line_1_13' title="bbox 209 1066 2021 1119; baseline 0.001 -13"><span class='ocrx_word' id='word_1_117' title='bbox 209 1072 383 1119; x_wconf 89' lang='lat' dir='ltr'>apparet</span> <span class='ocrx_word' id='word_1_118' title='bbox 421 1066 488 1119; x_wconf 90' lang='lat' dir='ltr'>agi</span> <span class='ocrx_word' id='word_1_119' title='bbox 518 1066 573 1106; x_wconf 90' lang='lat' dir='ltr'>de</span> <span class='ocrx_word' id='word_1_120' title='bbox 602 1066 717 1106; x_wconf 86' lang='lat' dir='ltr'>filiae</span> <span class='ocrx_word' id='word_1_121' title='bbox 749 1066 836 1106; x_wconf 90' lang='lat' dir='ltr'>eius</span> <span class='ocrx_word' id='word_1_122' title='bbox 866 1067 979 1119; x_wconf 84' lang='lat' dir='ltr'>fuga.</span> <span class='ocrx_word' id='word_1_123' title='bbox 1037 1066 1178 1119; x_wconf 90' lang='lat' dir='ltr'>Magis</span> <span class='ocrx_word' id='word_1_124' title='bbox 1219 1080 1346 1119; x_wconf 92' lang='lat' dir='ltr'>quam</span> <span class='ocrx_word' id='word_1_125' title='bbox 1377 1067 1591 1107; x_wconf 89' lang='lat' dir='ltr'>dominam</span> <span class='ocrx_word' id='word_1_126' title='bbox 1621 1079 1667 1107; x_wconf 91' lang='lat' dir='ltr'>se</span> <span class='ocrx_word' id='word_1_127' title='bbox 1699 1069 1845 1107; x_wconf 87' lang='lat' dir='ltr'>timere</span> <span class='ocrx_word' id='word_1_128' title='bbox 1875 1080 2021 1108; x_wconf 88' lang='lat' dir='ltr'>servus</span> 
     </span>
     <span class='ocr_line' id='line_1_14' title="bbox 210 1135 2016 1191; baseline 0.002 -15"><span class='ocrx_word' id='word_1_129' title='bbox 210 1137 312 1178; x_wconf 88' lang='lat' dir='ltr'>dicit</span> <span class='ocrx_word' id='word_1_130' title='bbox 351 1149 470 1177; x_wconf 92' lang='lat' dir='ltr'>erum</span> <span class='ocrx_word' id='word_1_131' title='bbox 510 1137 649 1191; x_wconf 92' lang='lat' dir='ltr'>ipsum</span> <span class='ocrx_word' id='word_1_132' title='bbox 690 1150 742 1178; x_wconf 88' lang='lat' dir='ltr'>ex</span> <span class='ocrx_word' id='word_1_133' title='bbox 780 1137 930 1178; x_wconf 88' lang='lat' dir='ltr'>itinere</span> <span class='ocrx_word' id='word_1_134' title='bbox 970 1150 1182 1178; x_wconf 88' lang='lat' dir='ltr'>reversum</span> <span class='ocrx_word' id='word_1_135' title='bbox 1222 1138 1290 1188; x_wconf 87' lang='lat' dir='ltr'>(cf.</span> <span class='ocrx_word' id='word_1_136' title='bbox 1330 1151 1369 1177; x_wconf 82' lang='lat' dir='ltr'>v,</span> <span class='ocrx_word' id='word_1_137' title='bbox 1417 1135 1511 1189; x_wconf 86' lang='lat'>166&gt;</span> <span class='ocrx_word' id='word_1_138' title='bbox 1566 1138 1840 1191; x_wconf 90' lang='lat' dir='ltr'>omniumque</span> <span class='ocrx_word' id='word_1_139' title='bbox 1879 1152 2016 1179; x_wconf 91' lang='lat' dir='ltr'>rerum</span> 
     </span>
     <span class='ocr_line' id='line_1_15' title="bbox 209 1207 2025 1262; baseline 0 -14"><span class='ocrx_word' id='word_1_140' title='bbox 209 1207 348 1249; x_wconf 93' lang='lat' dir='ltr'>adhuc</span> <span class='ocrx_word' id='word_1_141' title='bbox 376 1208 578 1262; x_wconf 90' lang='lat' dir='ltr'>ignarum.</span> <span class='ocrx_word' id='word_1_142' title='bbox 638 1211 733 1249; x_wconf 93' lang='lat' dir='ltr'>Aut</span> <span class='ocrx_word' id='word_1_143' title='bbox 762 1222 926 1249; x_wconf 90' lang='lat' dir='ltr'>summa</span> <span class='ocrx_word' id='word_1_144' title='bbox 955 1209 1183 1249; x_wconf 86' lang='lat' dir='ltr'>calliditate</span> <span class='ocrx_word' id='word_1_145' title='bbox 1213 1210 1420 1262; x_wconf 90' lang='lat' dir='ltr'>agendum</span> <span class='ocrx_word' id='word_1_146' title='bbox 1463 1222 1554 1250; x_wconf 90' lang='lat' dir='ltr'>esse</span> <span class='ocrx_word' id='word_1_147' title='bbox 1593 1215 1666 1250; x_wconf 90' lang='lat' dir='ltr'>aut</span> <span class='ocrx_word' id='word_1_148' title='bbox 1696 1211 1836 1250; x_wconf 90' lang='lat' dir='ltr'>omnia</span> <span class='ocrx_word' id='word_1_149' title='bbox 1866 1211 2025 1252; x_wconf 84' lang='lat' dir='ltr'>frustra.</span> 
     </span>
     <span class='ocr_line' id='line_1_16' title="bbox 209 1280 2020 1334; baseline 0.001 -15"><span class='ocrx_word' id='word_1_150' title='bbox 209 1280 389 1333; x_wconf 88' lang='lat' dir='ltr'>incepta.</span> <span class='ocrx_word' id='word_1_151' title='bbox 449 1281 572 1320; x_wconf 89' lang='lat' dir='ltr'>Haec</span> <span class='ocrx_word' id='word_1_152' title='bbox 611 1280 740 1320; x_wconf 87' lang='lat' dir='ltr'>verba</span> <span class='ocrx_word' id='word_1_153' title='bbox 778 1286 879 1320; x_wconf 89' lang='lat' dir='ltr'>sunt</span> <span class='ocrx_word' id='word_1_154' title='bbox 918 1293 1060 1320; x_wconf 92' lang='lat' dir='ltr'>secum</span> <span class='ocrx_word' id='word_1_155' title='bbox 1100 1280 1385 1329; x_wconf 85' lang='lat' dir='ltr'>deliberantis,</span> <span class='ocrx_word' id='word_1_156' title='bbox 1426 1286 1473 1320; x_wconf 91' lang='lat' dir='ltr'>ut</span> <span class='ocrx_word' id='word_1_157' title='bbox 1511 1281 1704 1321; x_wconf 88' lang='lat' dir='ltr'>assentiri</span> <span class='ocrx_word' id='word_1_158' title='bbox 1744 1294 1830 1321; x_wconf 92' lang='lat' dir='ltr'>non</span> <span class='ocrx_word' id='word_1_159' title='bbox 1860 1282 2020 1334; x_wconf 90' lang='lat' dir='ltr'>possim</span> 
     </span>
     <span class='ocr_line' id='line_1_17' title="bbox 209 1351 2021 1405; baseline 0.001 -14"><span class='ocrx_word' id='word_1_160' title='bbox 209 1352 272 1391; x_wconf 90' lang='lat' dir='ltr'>M.</span> <span class='ocrx_word' id='word_1_161' title='bbox 316 1351 482 1391; x_wconf 92' lang='lat' dir='ltr'>Croiset</span> <span class='ocrx_word' id='word_1_162' title='bbox 521 1357 563 1391; x_wconf 95' lang='lat' dir='ltr'>et</span> <span class='ocrx_word' id='word_1_163' title='bbox 599 1354 656 1391; x_wconf 92' lang='lat' dir='ltr'>A.</span> <span class='ocrx_word' id='word_1_164' title='bbox 696 1352 876 1400; x_wconf 88' lang='lat' dir='ltr'>Koerte,</span> <span class='ocrx_word' id='word_1_165' title='bbox 921 1352 991 1405; x_wconf 89' lang='lat' dir='ltr'>qui</span> <span class='ocrx_word' id='word_1_166' title='bbox 1033 1352 1173 1404; x_wconf 92' lang='lat' dir='ltr'>plures</span> <span class='ocrx_word' id='word_1_167' title='bbox 1212 1352 1257 1391; x_wconf 92' lang='lat' dir='ltr'>in</span> <span class='ocrx_word' id='word_1_168' title='bbox 1295 1364 1446 1392; x_wconf 89' lang='lat' dir='ltr'>scaena</span> <span class='ocrx_word' id='word_1_169' title='bbox 1484 1352 1640 1392; x_wconf 87' lang='lat' dir='ltr'>versari</span> <span class='ocrx_word' id='word_1_170' title='bbox 1683 1364 1881 1405; x_wconf 88' lang='lat' dir='ltr'>personas</span> <span class='ocrx_word' id='word_1_171' title='bbox 1921 1366 2021 1393; x_wconf 88' lang='lat' dir='ltr'>con-</span> 
     </span>
     <span class='ocr_line' id='line_1_18' title="bbox 211 1422 2024 1477; baseline 0.002 -16"><span class='ocrx_word' id='word_1_172' title='bbox 211 1423 448 1462; x_wconf 88' lang='lat' dir='ltr'>tenderunt.</span> <span class='ocrx_word' id='word_1_173' title='bbox 507 1423 688 1463; x_wconf 89' lang='lat' dir='ltr'>Accedit</span> <span class='ocrx_word' id='word_1_174' title='bbox 725 1424 781 1463; x_wconf 93' lang='lat' dir='ltr'>ad</span> <span class='ocrx_word' id='word_1_175' title='bbox 820 1436 916 1464; x_wconf 90' lang='lat' dir='ltr'>eum</span> <span class='ocrx_word' id='word_1_176' title='bbox 955 1422 1230 1471; x_wconf 87' lang='lat' dir='ltr'>Phaedimus,</span> <span class='ocrx_word' id='word_1_177' title='bbox 1275 1435 1401 1476; x_wconf 91' lang='lat' dir='ltr'>quem</span> <span class='ocrx_word' id='word_1_178' title='bbox 1446 1429 1677 1463; x_wconf 90' lang='lat' dir='ltr'>amatorem</span> <span class='ocrx_word' id='word_1_179' title='bbox 1720 1423 1885 1477; x_wconf 90' lang='lat' dir='ltr'>puellae</span> <span class='ocrx_word' id='word_1_180' title='bbox 1929 1425 2024 1464; x_wconf 88' lang='lat' dir='ltr'>eius</span> 
     </span>
     <span class='ocr_line' id='line_1_19' title="bbox 209 1494 2019 1547; baseline 0.001 -13"><span class='ocrx_word' id='word_1_181' title='bbox 209 1506 314 1542; x_wconf 87' lang='lat' dir='ltr'>esse,</span> <span class='ocrx_word' id='word_1_182' title='bbox 353 1506 462 1547; x_wconf 89' lang='lat' dir='ltr'>quae</span> <span class='ocrx_word' id='word_1_183' title='bbox 502 1494 631 1534; x_wconf 92' lang='lat' dir='ltr'>domo</span> <span class='ocrx_word' id='word_1_184' title='bbox 672 1495 841 1547; x_wconf 87' lang='lat' dir='ltr'>effugit,</span> <span class='ocrx_word' id='word_1_185' title='bbox 880 1507 976 1536; x_wconf 90' lang='lat' dir='ltr'>cum</span> <span class='ocrx_word' id='word_1_186' title='bbox 1019 1508 1042 1534; x_wconf 92' lang='lat' dir='ltr'>e</span> <span class='ocrx_word' id='word_1_187' title='bbox 1082 1501 1172 1535; x_wconf 91' lang='lat' dir='ltr'>toto</span> <span class='ocrx_word' id='word_1_188' title='bbox 1212 1507 1408 1535; x_wconf 91' lang='lat' dir='ltr'>sermone</span> <span class='ocrx_word' id='word_1_189' title='bbox 1450 1501 1540 1534; x_wconf 93' lang='lat' dir='ltr'>tum</span> <span class='ocrx_word' id='word_1_190' title='bbox 1572 1507 1595 1535; x_wconf 91' lang='lat' dir='ltr'>e</span> <span class='ocrx_word' id='word_1_191' title='bbox 1623 1495 1816 1535; x_wconf 90' lang='lat' dir='ltr'>versibus</span> <span class='ocrx_word' id='word_1_192' title='bbox 1859 1505 1937 1547; x_wconf 87' lang='lat'>149</span> <span class='ocrx_word' id='word_1_193' title='bbox 1953 1507 2019 1547; x_wconf 83' lang='lat' dir='ltr'>sq.</span> 
     </span>
     <span class='ocr_line' id='line_1_20' title="bbox 210 1565 2020 1619; baseline 0 -14"><span class='ocrx_word' id='word_1_194' title='bbox 210 1571 398 1618; x_wconf 90' lang='lat' dir='ltr'>apparet.</span> <span class='ocrx_word' id='word_1_195' title='bbox 459 1566 503 1605; x_wconf 92' lang='lat' dir='ltr'>Is</span> <span class='ocrx_word' id='word_1_196' title='bbox 543 1578 710 1606; x_wconf 86' lang='lat' dir='ltr'>servum</span> <span class='ocrx_word' id='word_1_197' title='bbox 747 1566 939 1606; x_wconf 89' lang='lat' dir='ltr'>modeste</span> <span class='ocrx_word' id='word_1_198' title='bbox 978 1566 1230 1606; x_wconf 89' lang='lat' dir='ltr'>salutantem</span> <span class='ocrx_word' id='word_1_199' title='bbox 1267 1565 1540 1606; x_wconf 89' lang='lat' dir='ltr'>vehementer</span> <span class='ocrx_word' id='word_1_200' title='bbox 1582 1566 1748 1619; x_wconf 89' lang='lat' dir='ltr'>repellit</span> <span class='ocrx_word' id='word_1_201' title='bbox 1789 1572 1838 1606; x_wconf 92' lang='lat' dir='ltr'>ut</span> <span class='ocrx_word' id='word_1_202' title='bbox 1880 1578 2020 1606; x_wconf 88' lang='lat' dir='ltr'>rerum</span> 
     </span>
     <span class='ocr_line' id='line_1_21' title="bbox 210 1636 2021 1692; baseline 0 -16"><span class='ocrx_word' id='word_1_203' title='bbox 210 1636 478 1677; x_wconf 89' lang='lat' dir='ltr'>adversarum</span> <span class='ocrx_word' id='word_1_204' title='bbox 507 1643 734 1678; x_wconf 91' lang='lat' dir='ltr'>auctorem.</span> <span class='ocrx_word' id='word_1_205' title='bbox 795 1637 911 1690; x_wconf 83' lang='lat' dir='ltr'>Quid</span> <span class='ocrx_word' id='word_1_206' title='bbox 942 1638 980 1678; x_wconf 92' lang='lat' dir='ltr'>ei</span> <span class='ocrx_word' id='word_1_207' title='bbox 1003 1638 1164 1678; x_wconf 89' lang='lat' dir='ltr'>crimini</span> <span class='ocrx_word' id='word_1_208' title='bbox 1184 1638 1258 1678; x_wconf 90' lang='lat' dir='ltr'>det</span> <span class='ocrx_word' id='word_1_209' title='bbox 1276 1638 1453 1686; x_wconf 85' lang='lat' dir='ltr'>iuvenis,</span> <span class='ocrx_word' id='word_1_210' title='bbox 1485 1650 1508 1677; x_wconf 91' lang='lat' dir='ltr'>e</span> <span class='ocrx_word' id='word_1_211' title='bbox 1537 1651 1576 1677; x_wconf 91' lang='lat' dir='ltr'>v.</span> <span class='ocrx_word' id='word_1_212' title='bbox 1605 1647 1684 1690; x_wconf 91' lang='lat'>150</span> <span class='ocrx_word' id='word_1_213' title='bbox 1699 1651 1762 1691; x_wconf 94' lang='lat' dir='ltr'>sq.</span> <span class='ocrx_word' id='word_1_214' title='bbox 1788 1637 2021 1692; x_wconf 83' lang='lat' dir='ltr'>apparebit.</span> 
     </span>
     <span class='ocr_line' id='line_1_22' title="bbox 211 1708 1790 1762; baseline 0.001 -14"><span class='ocrx_word' id='word_1_215' title='bbox 211 1708 366 1749; x_wconf 89' lang='lat' dir='ltr'>Servus</span> <span class='ocrx_word' id='word_1_216' title='bbox 396 1710 636 1762; x_wconf 89' lang='lat' dir='ltr'>respondet,</span> <span class='ocrx_word' id='word_1_217' title='bbox 665 1722 752 1749; x_wconf 90' lang='lat' dir='ltr'>non</span> <span class='ocrx_word' id='word_1_218' title='bbox 780 1710 861 1750; x_wconf 90' lang='lat' dir='ltr'>sibi</span> <span class='ocrx_word' id='word_1_219' title='bbox 891 1710 1187 1750; x_wconf 90' lang='lat' dir='ltr'>oboedientem</span> <span class='ocrx_word' id='word_1_220' title='bbox 1219 1723 1311 1750; x_wconf 92' lang='lat' dir='ltr'>esse</span> <span class='ocrx_word' id='word_1_221' title='bbox 1339 1710 1551 1750; x_wconf 87' lang='lat' dir='ltr'>fortunam</span> <span class='ocrx_word' id='word_1_222' title='bbox 1582 1710 1658 1750; x_wconf 91' lang='lat' dir='ltr'>sed</span> <span class='ocrx_word' id='word_1_223' title='bbox 1687 1709 1790 1750; x_wconf 92' lang='lat' dir='ltr'>deis.</span> 
     </span>
    </p>
   </div>
   <div class='ocr_carea' id='block_1_4' title="bbox 211 1788 2027 3341">
    <p class='ocr_par' dir='ltr' id='par_1_5' title="bbox 211 1788 2027 2911">
     <span class='ocr_line' id='line_1_23' title="bbox 354 1788 2023 1840; baseline 0.002 -14"><span class='ocrx_word' id='word_1_224' title='bbox 354 1788 407 1826; x_wconf 91' lang='lat' dir='ltr'>In</span> <span class='ocrx_word' id='word_1_225' title='bbox 446 1788 637 1827; x_wconf 86' lang='lat' dir='ltr'>versibus</span> <span class='ocrx_word' id='word_1_226' title='bbox 676 1789 1011 1840; x_wconf 87' lang='lat' dir='ltr'>quattuordecim</span> <span class='ocrx_word' id='word_1_227' title='bbox 1052 1789 1282 1840; x_wconf 89' lang='lat' dir='ltr'>deperditis</span> <span class='ocrx_word' id='word_1_228' title='bbox 1321 1788 1544 1828; x_wconf 85' lang='lat' dir='ltr'>advenisse</span> <span class='ocrx_word' id='word_1_229' title='bbox 1582 1788 1801 1828; x_wconf 92' lang='lat' dir='ltr'>dominum</span> <span class='ocrx_word' id='word_1_230' title='bbox 1838 1789 1948 1828; x_wconf 88' lang='lat' dir='ltr'>servi</span> <span class='ocrx_word' id='word_1_231' title='bbox 1977 1795 2023 1829; x_wconf 89' lang='lat' dir='ltr'>et</span> 
     </span>
     <span class='ocr_line' id='line_1_24' title="bbox 212 1858 2021 1912; baseline 0.001 -15"><span class='ocrx_word' id='word_1_232' title='bbox 212 1858 383 1912; x_wconf 91' lang='lat' dir='ltr'>paulum</span> <span class='ocrx_word' id='word_1_233' title='bbox 414 1860 635 1899; x_wconf 90' lang='lat' dir='ltr'>secessisse</span> <span class='ocrx_word' id='word_1_234' title='bbox 656 1858 951 1908; x_wconf 86' lang='lat' dir='ltr'>Phaedimum,</span> <span class='ocrx_word' id='word_1_235' title='bbox 981 1872 1035 1899; x_wconf 93' lang='lat' dir='ltr'>ne</span> <span class='ocrx_word' id='word_1_236' title='bbox 1057 1859 1111 1899; x_wconf 91' lang='lat' dir='ltr'>ab</span> <span class='ocrx_word' id='word_1_237' title='bbox 1131 1859 1207 1899; x_wconf 92' lang='lat' dir='ltr'>illo</span> <span class='ocrx_word' id='word_1_238' title='bbox 1234 1860 1526 1912; x_wconf 87' lang='lat' dir='ltr'>conspiciatur,</span> <span class='ocrx_word' id='word_1_239' title='bbox 1555 1859 1654 1899; x_wconf 88' lang='lat' dir='ltr'>inde</span> <span class='ocrx_word' id='word_1_240' title='bbox 1683 1865 1871 1912; x_wconf 89' lang='lat' dir='ltr'>apparet,</span> <span class='ocrx_word' id='word_1_241' title='bbox 1903 1859 2021 1912; x_wconf 93' lang='lat' dir='ltr'>quod</span> 
     </span>
     <span class='ocr_line' id='line_1_25' title="bbox 211 1929 2019 1984; baseline 0.001 -16"><span class='ocrx_word' id='word_1_242' title='bbox 211 1929 255 1969; x_wconf 92' lang='lat' dir='ltr'>in</span> <span class='ocrx_word' id='word_1_243' title='bbox 295 1929 514 1970; x_wconf 89' lang='lat' dir='ltr'>columnae</span> <span class='ocrx_word' id='word_1_244' title='bbox 553 1932 760 1972; x_wconf 90' lang='lat' dir='ltr'>secundae</span> <span class='ocrx_word' id='word_1_245' title='bbox 797 1931 986 1971; x_wconf 89' lang='lat' dir='ltr'>versibus</span> <span class='ocrx_word' id='word_1_246' title='bbox 1025 1930 1169 1983; x_wconf 90' lang='lat' dir='ltr'>primis</span> <span class='ocrx_word' id='word_1_247' title='bbox 1208 1937 1372 1984; x_wconf 90' lang='lat' dir='ltr'>patrem</span> <span class='ocrx_word' id='word_1_248' title='bbox 1411 1930 1592 1983; x_wconf 91' lang='lat' dir='ltr'>puellae,</span> <span class='ocrx_word' id='word_1_249' title='bbox 1635 1931 1710 1983; x_wconf 93' lang='lat' dir='ltr'>qui</span> <span class='ocrx_word' id='word_1_250' title='bbox 1738 1930 1871 1970; x_wconf 84' lang='lat' dir='ltr'>filiam</span> <span class='ocrx_word' id='word_1_251' title='bbox 1901 1943 2019 1971; x_wconf 91' lang='lat' dir='ltr'>suam</span> 
     </span>
     <span class='ocr_line' id='line_1_26' title="bbox 213 2001 2024 2055; baseline 0.001 -15"><span class='ocrx_word' id='word_1_252' title='bbox 213 2001 329 2041; x_wconf 91' lang='lat' dir='ltr'>domi</span> <span class='ocrx_word' id='word_1_253' title='bbox 358 2014 444 2041; x_wconf 89' lang='lat' dir='ltr'>non</span> <span class='ocrx_word' id='word_1_254' title='bbox 474 2014 566 2042; x_wconf 91' lang='lat' dir='ltr'>esse</span> <span class='ocrx_word' id='word_1_255' title='bbox 595 2003 804 2055; x_wconf 86' lang='lat' dir='ltr'>cognovit,</span> <span class='ocrx_word' id='word_1_256' title='bbox 843 2003 1040 2042; x_wconf 89' lang='lat' dir='ltr'>miseram</span> <span class='ocrx_word' id='word_1_257' title='bbox 1070 2008 1226 2042; x_wconf 92' lang='lat' dir='ltr'>sortem</span> <span class='ocrx_word' id='word_1_258' title='bbox 1255 2015 1373 2042; x_wconf 89' lang='lat' dir='ltr'>suam</span> <span class='ocrx_word' id='word_1_259' title='bbox 1404 2008 1729 2054; x_wconf 90' lang='lat' dir='ltr'>conquerentem</span> <span class='ocrx_word' id='word_1_260' title='bbox 1762 2007 1804 2041; x_wconf 91' lang='lat' dir='ltr'>et</span> <span class='ocrx_word' id='word_1_261' title='bbox 1833 2014 1857 2040; x_wconf 88' lang='lat' dir='ltr'>e</span> <span class='ocrx_word' id='word_1_262' title='bbox 1885 2014 2024 2051; x_wconf 86' lang='lat' dir='ltr'>servo,</span> 
     </span>
     <span class='ocr_line' id='line_1_27' title="bbox 213 2069 2025 2127; baseline 0.001 -15"><span class='ocrx_word' id='word_1_263' title='bbox 213 2085 398 2125; x_wconf 89' lang='lat' dir='ltr'>quonam</span> <span class='ocrx_word' id='word_1_264' title='bbox 418 2073 573 2126; x_wconf 88' lang='lat' dir='ltr'>fugerit</span> <span class='ocrx_word' id='word_1_265' title='bbox 594 2073 747 2127; x_wconf 91' lang='lat' dir='ltr'>puella,</span> <span class='ocrx_word' id='word_1_266' title='bbox 778 2080 1048 2127; x_wconf 91' lang='lat' dir='ltr'>quaerentem</span> <span class='ocrx_word' id='word_1_267' title='bbox 1069 2074 1260 2114; x_wconf 89' lang='lat' dir='ltr'>videmus</span> <span class='ocrx_word' id='word_1_268' title='bbox 1287 2074 1339 2124; x_wconf 89' lang='lat' dir='ltr'>(v.</span> <span class='ocrx_word' id='word_1_269' title='bbox 1364 2069 1590 2124; x_wconf 68' lang='lat'>99—104)]</span> <span class='ocrx_word' id='word_1_270' title='bbox 1633 2073 1804 2114; x_wconf 91' lang='lat' dir='ltr'>Deinde</span> <span class='ocrx_word' id='word_1_271' title='bbox 1823 2073 2025 2113; x_wconf 88' lang='lat' dir='ltr'>dominus</span> 
     </span>
     <span class='ocr_line' id='line_1_28' title="bbox 212 2144 2022 2198; baseline 0.001 -15"><span class='ocrx_word' id='word_1_272' title='bbox 212 2156 308 2183; x_wconf 92' lang='lat' dir='ltr'>cum</span> <span class='ocrx_word' id='word_1_273' title='bbox 339 2156 461 2184; x_wconf 84' lang='lat' dir='ltr'>servo</span> <span class='ocrx_word' id='word_1_274' title='bbox 491 2157 569 2184; x_wconf 92' lang='lat' dir='ltr'>suo</span> <span class='ocrx_word' id='word_1_275' title='bbox 599 2145 776 2185; x_wconf 91' lang='lat' dir='ltr'>domum</span> <span class='ocrx_word' id='word_1_276' title='bbox 806 2146 946 2186; x_wconf 90' lang='lat' dir='ltr'>intrat.</span> <span class='ocrx_word' id='word_1_277' title='bbox 988 2146 1073 2198; x_wconf 78' lang='lat' dir='ltr'>Qui</span> <span class='ocrx_word' id='word_1_278' title='bbox 1102 2152 1329 2198; x_wconf 90' lang='lat' dir='ltr'>postquam</span> <span class='ocrx_word' id='word_1_279' title='bbox 1360 2145 1653 2192; x_wconf 89' lang='lat' dir='ltr'>discesserunt,</span> <span class='ocrx_word' id='word_1_280' title='bbox 1685 2150 1728 2184; x_wconf 90' lang='lat' dir='ltr'>et</span> <span class='ocrx_word' id='word_1_281' title='bbox 1756 2144 2022 2185; x_wconf 86' lang='lat' dir='ltr'>Phaedimus</span> 
     </span>
     <span class='ocr_line' id='line_1_29' title="bbox 214 2215 2021 2272; baseline 0 -17"><span class='ocrx_word' id='word_1_282' title='bbox 214 2227 267 2255; x_wconf 86' lang='lat' dir='ltr'>ex</span> <span class='ocrx_word' id='word_1_283' title='bbox 297 2227 348 2255; x_wconf 90' lang='lat' dir='ltr'>eo</span> <span class='ocrx_word' id='word_1_284' title='bbox 377 2215 484 2264; x_wconf 89' lang='lat' dir='ltr'>loco,</span> <span class='ocrx_word' id='word_1_285' title='bbox 525 2228 611 2268; x_wconf 93' lang='lat' dir='ltr'>quo</span> <span class='ocrx_word' id='word_1_286' title='bbox 650 2229 696 2256; x_wconf 92' lang='lat' dir='ltr'>se</span> <span class='ocrx_word' id='word_1_287' title='bbox 724 2217 959 2265; x_wconf 90' lang='lat' dir='ltr'>abdiderat,</span> <span class='ocrx_word' id='word_1_288' title='bbox 998 2217 1139 2270; x_wconf 90' lang='lat' dir='ltr'>prodit</span> <span class='ocrx_word' id='word_1_289' title='bbox 1170 2215 1286 2272; x_wconf 91' lang='lat'>(104)</span> <span class='ocrx_word' id='word_1_290' title='bbox 1328 2222 1370 2256; x_wconf 91' lang='lat' dir='ltr'>et</span> <span class='ocrx_word' id='word_1_291' title='bbox 1399 2216 1559 2256; x_wconf 91' lang='lat' dir='ltr'>accedit</span> <span class='ocrx_word' id='word_1_292' title='bbox 1588 2216 1745 2256; x_wconf 90' lang='lat' dir='ltr'>amicus</span> <span class='ocrx_word' id='word_1_293' title='bbox 1778 2216 1863 2255; x_wconf 91' lang='lat' dir='ltr'>eius</span> <span class='ocrx_word' id='word_1_294' title='bbox 1893 2216 2021 2256; x_wconf 90' lang='lat' dir='ltr'>Nice-</span> 
     </span>
     <span class='ocr_line' id='line_1_30' title="bbox 215 2287 2024 2340; baseline 0.001 -14"><span class='ocrx_word' id='word_1_295' title='bbox 215 2292 342 2335; x_wconf 87' lang='lat' dir='ltr'>ratus,</span> <span class='ocrx_word' id='word_1_296' title='bbox 384 2287 472 2339; x_wconf 82' lang='lat' dir='ltr'>qui,</span> <span class='ocrx_word' id='word_1_297' title='bbox 510 2300 605 2328; x_wconf 91' lang='lat' dir='ltr'>cum</span> <span class='ocrx_word' id='word_1_298' title='bbox 644 2287 764 2327; x_wconf 90' lang='lat' dir='ltr'>illum</span> <span class='ocrx_word' id='word_1_299' title='bbox 803 2301 890 2328; x_wconf 89' lang='lat' dir='ltr'>non</span> <span class='ocrx_word' id='word_1_300' title='bbox 928 2288 1081 2336; x_wconf 85' lang='lat' dir='ltr'>videat,</span> <span class='ocrx_word' id='word_1_301' title='bbox 1121 2301 1167 2328; x_wconf 93' lang='lat' dir='ltr'>se</span> <span class='ocrx_word' id='word_1_302' title='bbox 1196 2288 1337 2327; x_wconf 90' lang='lat' dir='ltr'>mirari</span> <span class='ocrx_word' id='word_1_303' title='bbox 1365 2287 1481 2336; x_wconf 93' lang='lat' dir='ltr'>dicit,</span> <span class='ocrx_word' id='word_1_304' title='bbox 1522 2287 1639 2340; x_wconf 94' lang='lat' dir='ltr'>quod</span> <span class='ocrx_word' id='word_1_305' title='bbox 1675 2299 1882 2339; x_wconf 89' lang='lat' dir='ltr'>nusquam</span> <span class='ocrx_word' id='word_1_306' title='bbox 1924 2301 2024 2328; x_wconf 80' lang='lat' dir='ltr'>con—</span> 
     </span>
     <span class='ocr_line' id='line_1_31' title="bbox 213 2357 2024 2413; baseline 0.002 -16"><span class='ocrx_word' id='word_1_307' title='bbox 213 2358 398 2410; x_wconf 91' lang='lat' dir='ltr'>spicatus</span> <span class='ocrx_word' id='word_1_308' title='bbox 448 2358 503 2398; x_wconf 91' lang='lat' dir='ltr'>sit</span> <span class='ocrx_word' id='word_1_309' title='bbox 545 2357 840 2400; x_wconf 88' lang='lat' dir='ltr'>Phaedimum.</span> <span class='ocrx_word' id='word_1_310' title='bbox 914 2360 1084 2400; x_wconf 91' lang='lat' dir='ltr'>Deinde</span> <span class='ocrx_word' id='word_1_311' title='bbox 1132 2368 1359 2413; x_wconf 89' lang='lat' dir='ltr'>postquam</span> <span class='ocrx_word' id='word_1_312' title='bbox 1409 2359 1514 2399; x_wconf 90' lang='lat' dir='ltr'>alter</span> <span class='ocrx_word' id='word_1_313' title='bbox 1561 2358 1738 2398; x_wconf 87' lang='lat' dir='ltr'>alterum</span> <span class='ocrx_word' id='word_1_314' title='bbox 1787 2361 2024 2412; x_wconf 81' lang='lat' dir='ltr'>conspexit,</span> 
     </span>
     <span class='ocr_line' id='line_1_32' title="bbox 214 2428 2021 2482; baseline 0.002 -14"><span class='ocrx_word' id='word_1_315' title='bbox 214 2428 431 2482; x_wconf 90' lang='lat' dir='ltr'>multaque</span> <span class='ocrx_word' id='word_1_316' title='bbox 475 2442 616 2469; x_wconf 86' lang='lat' dir='ltr'>seeum</span> <span class='ocrx_word' id='word_1_317' title='bbox 661 2430 790 2471; x_wconf 89' lang='lat' dir='ltr'>locuti</span> <span class='ocrx_word' id='word_1_318' title='bbox 833 2436 945 2479; x_wconf 92' lang='lat' dir='ltr'>sunt,</span> <span class='ocrx_word' id='word_1_319' title='bbox 994 2444 1090 2471; x_wconf 92' lang='lat' dir='ltr'>cum</span> <span class='ocrx_word' id='word_1_320' title='bbox 1134 2430 1408 2479; x_wconf 88' lang='lat' dir='ltr'>Phaedimus,</span> <span class='ocrx_word' id='word_1_321' title='bbox 1461 2430 1678 2482; x_wconf 92' lang='lat' dir='ltr'>quomodo</span> <span class='ocrx_word' id='word_1_322' title='bbox 1723 2442 1820 2469; x_wconf 91' lang='lat' dir='ltr'>eum</span> <span class='ocrx_word' id='word_1_323' title='bbox 1867 2430 2021 2471; x_wconf 91' lang='lat' dir='ltr'>salutet</span> 
     </span>
     <span class='ocr_line' id='line_1_33' title="bbox 213 2500 2026 2555; baseline 0.002 -17"><span class='ocrx_word' id='word_1_324' title='bbox 213 2506 385 2553; x_wconf 90' lang='lat' dir='ltr'>propter</span> <span class='ocrx_word' id='word_1_325' title='bbox 423 2501 651 2541; x_wconf 90' lang='lat' dir='ltr'>amicitiam</span> <span class='ocrx_word' id='word_1_326' title='bbox 691 2502 873 2554; x_wconf 90' lang='lat' dir='ltr'>priorem</span> <span class='ocrx_word' id='word_1_327' title='bbox 914 2508 957 2542; x_wconf 92' lang='lat' dir='ltr'>et</span> <span class='ocrx_word' id='word_1_328' title='bbox 984 2502 1209 2555; x_wconf 81' lang='lat' dir='ltr'>perfidiam</span> <span class='ocrx_word' id='word_1_329' title='bbox 1249 2502 1340 2542; x_wconf 91' lang='lat' dir='ltr'>eius</span> <span class='ocrx_word' id='word_1_330' title='bbox 1371 2514 1506 2554; x_wconf 90' lang='lat' dir='ltr'>nuper</span> <span class='ocrx_word' id='word_1_331' title='bbox 1534 2500 1745 2553; x_wconf 88' lang='lat' dir='ltr'>cognitam</span> <span class='ocrx_word' id='word_1_332' title='bbox 1785 2513 1831 2541; x_wconf 89' lang='lat' dir='ltr'>se</span> <span class='ocrx_word' id='word_1_333' title='bbox 1861 2502 2026 2542; x_wconf 89' lang='lat' dir='ltr'>nescire</span> 
     </span>
     <span class='ocr_line' id='line_1_34' title="bbox 215 2570 2022 2626; baseline 0.001 -16"><span class='ocrx_word' id='word_1_334' title='bbox 215 2570 342 2619; x_wconf 93' lang='lat' dir='ltr'>dicat,</span> <span class='ocrx_word' id='word_1_335' title='bbox 383 2583 479 2610; x_wconf 92' lang='lat' dir='ltr'>eum</span> <span class='ocrx_word' id='word_1_336' title='bbox 520 2571 728 2625; x_wconf 92' lang='lat' dir='ltr'>incipiunt</span> <span class='ocrx_word' id='word_1_337' title='bbox 766 2585 1005 2613; x_wconf 90' lang='lat' dir='ltr'>sermonem</span> <span class='ocrx_word' id='word_1_338' title='bbox 1043 2586 1180 2625; x_wconf 89' lang='lat' dir='ltr'>agere,</span> <span class='ocrx_word' id='word_1_339' title='bbox 1218 2573 1293 2626; x_wconf 93' lang='lat' dir='ltr'>qui</span> <span class='ocrx_word' id='word_1_340' title='bbox 1331 2585 1467 2625; x_wconf 89' lang='lat' dir='ltr'>usque</span> <span class='ocrx_word' id='word_1_341' title='bbox 1497 2572 1553 2612; x_wconf 92' lang='lat' dir='ltr'>ad</span> <span class='ocrx_word' id='word_1_342' title='bbox 1581 2572 1713 2612; x_wconf 84' lang='lat' dir='ltr'>finem</span> <span class='ocrx_word' id='word_1_343' title='bbox 1752 2573 1886 2612; x_wconf 89' lang='lat' dir='ltr'>nostri</span> <span class='ocrx_word' id='word_1_344' title='bbox 1914 2573 2022 2624; x_wconf 82' lang='lat' dir='ltr'>frag·</span> 
     </span>
     <span class='ocr_line' id='line_1_35' title="bbox 213 2642 2027 2687; baseline 0.001 -7"><span class='ocrx_word' id='word_1_345' title='bbox 213 2642 347 2681; x_wconf 89' lang='lat' dir='ltr'>menti</span> <span class='ocrx_word' id='word_1_346' title='bbox 377 2643 655 2686; x_wconf 85' lang='lat' dir='ltr'>continuatur.</span> <span class='ocrx_word' id='word_1_347' title='bbox 714 2643 854 2684; x_wconf 90' lang='lat' dir='ltr'>Multa</span> <span class='ocrx_word' id='word_1_348' title='bbox 882 2650 1024 2685; x_wconf 90' lang='lat' dir='ltr'>autem</span> <span class='ocrx_word' id='word_1_349' title='bbox 1054 2644 1098 2683; x_wconf 91' lang='lat' dir='ltr'>in</span> <span class='ocrx_word' id='word_1_350' title='bbox 1128 2657 1179 2684; x_wconf 94' lang='lat' dir='ltr'>eo</span> <span class='ocrx_word' id='word_1_351' title='bbox 1209 2645 1478 2686; x_wconf 90' lang='lat' dir='ltr'>inveniuntur</span> <span class='ocrx_word' id='word_1_352' title='bbox 1515 2644 1669 2687; x_wconf 87' lang='lat' dir='ltr'>similia</span> <span class='ocrx_word' id='word_1_353' title='bbox 1699 2644 1883 2684; x_wconf 90' lang='lat' dir='ltr'>sermoni</span> <span class='ocrx_word' id='word_1_354' title='bbox 1912 2644 2027 2684; x_wconf 45' lang='lat' dir='ltr'>inter*</span> 
     </span>
     <span class='ocr_line' id='line_1_36' title="bbox 213 2712 2025 2769; baseline 0.001 -17"><span class='ocrx_word' id='word_1_355' title='bbox 213 2712 493 2753; x_wconf 90' lang='lat' dir='ltr'>Pistoclerum</span> <span class='ocrx_word' id='word_1_356' title='bbox 533 2719 576 2754; x_wconf 89' lang='lat' dir='ltr'>et</span> <span class='ocrx_word' id='word_1_357' title='bbox 614 2714 927 2755; x_wconf 89' lang='lat' dir='ltr'>Mnesilochum</span> <span class='ocrx_word' id='word_1_358' title='bbox 966 2715 1010 2755; x_wconf 90' lang='lat' dir='ltr'>in</span> <span class='ocrx_word' id='word_1_359' title='bbox 1053 2715 1275 2756; x_wconf 88' lang='lat' dir='ltr'>Bacchidis</span> <span class='ocrx_word' id='word_1_360' title='bbox 1314 2715 1522 2756; x_wconf 89' lang='lat' dir='ltr'>Plautinis</span> <span class='ocrx_word' id='word_1_361' title='bbox 1566 2717 1619 2766; x_wconf 84' lang='lat' dir='ltr'>(V.</span> <span class='ocrx_word' id='word_1_362' title='bbox 1652 2725 1735 2769; x_wconf 89' lang='lat'>534</span> <span class='ocrx_word' id='word_1_363' title='bbox 1750 2712 1835 2768; x_wconf 92' lang='lat' dir='ltr'>sq.)</span> <span class='ocrx_word' id='word_1_364' title='bbox 1872 2716 2025 2756; x_wconf 88' lang='lat' dir='ltr'>habito</span> 
     </span>
     <span class='ocr_line' id='line_1_37' title="bbox 216 2783 2023 2840; baseline 0.002 -16"><span class='ocrx_word' id='word_1_365' title='bbox 216 2783 283 2836; x_wconf 90' lang='lat' dir='ltr'>(cf.</span> <span class='ocrx_word' id='word_1_366' title='bbox 322 2785 447 2824; x_wconf 89' lang='lat' dir='ltr'>etiam</span> <span class='ocrx_word' id='word_1_367' title='bbox 488 2785 542 2825; x_wconf 90' lang='grc' dir='ltr'>Ο.</span> <span class='ocrx_word' id='word_1_368' title='bbox 573 2784 811 2835; x_wconf 84' lang='lat' dir='ltr'>Schaffner,</span> <span class='ocrx_word' id='word_1_369' title='bbox 846 2787 915 2826; x_wconf 92' lang='lat' dir='ltr'>De</span> <span class='ocrx_word' id='word_1_370' title='bbox 954 2799 1146 2828; x_wconf 90' lang='lat' dir='ltr'>aversum</span> <span class='ocrx_word' id='word_1_371' title='bbox 1186 2786 1388 2840; x_wconf 92' lang='lat' dir='ltr'>loquendi</span> <span class='ocrx_word' id='word_1_372' title='bbox 1426 2788 1588 2828; x_wconf 88' lang='lat' dir='ltr'>ratione</span> <span class='ocrx_word' id='word_1_373' title='bbox 1626 2788 1670 2827; x_wconf 91' lang='lat' dir='ltr'>in</span> <span class='ocrx_word' id='word_1_374' title='bbox 1707 2800 1816 2828; x_wconf 90' lang='lat' dir='ltr'>com.</span> <span class='ocrx_word' id='word_1_375' title='bbox 1847 2787 2023 2836; x_wconf 84' lang='lat' dir='ltr'>Graeca,</span> 
     </span>
     <span class='ocr_line' id='line_1_38' title="bbox 217 2855 814 2911; baseline 0.003 -17"><span class='ocrx_word' id='word_1_376' title='bbox 217 2855 320 2895; x_wconf 88' lang='lat' dir='ltr'>diss.</span> <span class='ocrx_word' id='word_1_377' title='bbox 353 2855 464 2895; x_wconf 87' lang='lat' dir='ltr'>Giss.</span> <span class='ocrx_word' id='word_1_378' title='bbox 501 2867 623 2908; x_wconf 89' lang='lat'>1911,</span> <span class='ocrx_word' id='word_1_379' title='bbox 653 2870 695 2910; x_wconf 91' lang='lat' dir='ltr'>p.</span> <span class='ocrx_word' id='word_1_380' title='bbox 729 2856 814 2911; x_wconf 89' lang='lat'>20).</span> 
     </span>
    </p>

    <p class='ocr_par' dir='ltr' id='par_1_6' title="bbox 215 2925 2026 3341">
     <span class='ocr_line' id='line_1_39' title="bbox 357 2925 2021 2983; baseline 0.003 -18"><span class='ocrx_word' id='word_1_381' title='bbox 357 2925 616 2968; x_wconf 91' lang='lat' dir='ltr'>Phaedimus</span> <span class='ocrx_word' id='word_1_382' title='bbox 637 2929 885 2969; x_wconf 90' lang='lat' dir='ltr'>Niceratum</span> <span class='ocrx_word' id='word_1_383' title='bbox 904 2929 1193 2982; x_wconf 90' lang='lat' dir='ltr'>inopinantem</span> <span class='ocrx_word' id='word_1_384' title='bbox 1212 2930 1456 2982; x_wconf 85' lang='lat' dir='ltr'>gravissime</span> <span class='ocrx_word' id='word_1_385' title='bbox 1484 2935 1662 2978; x_wconf 91' lang='lat' dir='ltr'>accusat,</span> <span class='ocrx_word' id='word_1_386' title='bbox 1691 2929 1807 2983; x_wconf 91' lang='lat' dir='ltr'>quod</span> <span class='ocrx_word' id='word_1_387' title='bbox 1835 2930 2021 2970; x_wconf 80' lang='lat' dir='ltr'>infidum</span> 
     </span>
     <span class='ocr_line' id='line_1_40' title="bbox 216 2998 2020 3055; baseline 0.002 -19"><span class='ocrx_word' id='word_1_388' title='bbox 216 3009 261 3036; x_wconf 91' lang='lat' dir='ltr'>se</span> <span class='ocrx_word' id='word_1_389' title='bbox 300 2998 550 3050; x_wconf 88' lang='lat' dir='ltr'>praebuerit.</span> <span class='ocrx_word' id='word_1_390' title='bbox 609 3000 725 3039; x_wconf 92' lang='lat' dir='ltr'>Nam</span> <span class='ocrx_word' id='word_1_391' title='bbox 756 3012 850 3040; x_wconf 92' lang='lat' dir='ltr'>cum</span> <span class='ocrx_word' id='word_1_392' title='bbox 891 3006 1011 3053; x_wconf 88' lang='lat' dir='ltr'>pater</span> <span class='ocrx_word' id='word_1_393' title='bbox 1038 3001 1178 3053; x_wconf 90' lang='lat' dir='ltr'>puella</span> <span class='ocrx_word' id='word_1_394' title='bbox 1206 3008 1346 3042; x_wconf 89' lang='lat' dir='ltr'>amata</span> <span class='ocrx_word' id='word_1_395' title='bbox 1375 3015 1420 3043; x_wconf 91' lang='lat' dir='ltr'>se</span> <span class='ocrx_word' id='word_1_396' title='bbox 1449 3003 1685 3055; x_wconf 88' lang='lat' dir='ltr'>privaturus</span> <span class='ocrx_word' id='word_1_397' title='bbox 1714 3000 1852 3048; x_wconf 84' lang='lat' dir='ltr'>fuerit,</span> <span class='ocrx_word' id='word_1_398' title='bbox 1892 3001 2020 3041; x_wconf 91' lang='lat' dir='ltr'>Nice-</span> 
     </span>
     <span class='ocr_line' id='line_1_41' title="bbox 215 3070 2018 3124; baseline 0.003 -18"><span class='ocrx_word' id='word_1_399' title='bbox 215 3073 353 3107; x_wconf 91' lang='lat' dir='ltr'>ratum</span> <span class='ocrx_word' id='word_1_400' title='bbox 393 3070 622 3119; x_wconf 90' lang='lat' dir='ltr'>studuisse,</span> <span class='ocrx_word' id='word_1_401' title='bbox 658 3077 706 3111; x_wconf 94' lang='lat' dir='ltr'>ut</span> <span class='ocrx_word' id='word_1_402' title='bbox 745 3083 838 3110; x_wconf 89' lang='lat' dir='ltr'>eam</span> <span class='ocrx_word' id='word_1_403' title='bbox 868 3073 958 3124; x_wconf 85' lang='lat' dir='ltr'>ipse</span> <span class='ocrx_word' id='word_1_404' title='bbox 986 3071 1030 3111; x_wconf 92' lang='lat' dir='ltr'>in</span> <span class='ocrx_word' id='word_1_405' title='bbox 1059 3073 1374 3113; x_wconf 88' lang='lat' dir='ltr'>matrimonium</span> <span class='ocrx_word' id='word_1_406' title='bbox 1409 3075 1534 3114; x_wconf 92' lang='lat' dir='ltr'>ducat</span> <span class='ocrx_word' id='word_1_407' title='bbox 1575 3073 1642 3124; x_wconf 87' lang='lat' dir='ltr'>(cf.</span> <span class='ocrx_word' id='word_1_408' title='bbox 1673 3085 1712 3112; x_wconf 89' lang='lat' dir='ltr'>v.</span> <span class='ocrx_word' id='word_1_409' title='bbox 1748 3080 1828 3124; x_wconf 86' lang='lat'>150</span> <span class='ocrx_word' id='word_1_410' title='bbox 1857 3086 1882 3112; x_wconf 91' lang='lat' dir='ltr'>a</span> <span class='ocrx_word' id='word_1_411' title='bbox 1912 3072 2018 3112; x_wconf 90' lang='lat' dir='ltr'>Sud-</span> 
     </span>
     <span class='ocr_line' id='line_1_42' title="bbox 215 3138 2026 3197; baseline 0.002 -19"><span class='ocrx_word' id='word_1_412' title='bbox 215 3138 367 3179; x_wconf 90' lang='lat' dir='ltr'>hausio</span> <span class='ocrx_word' id='word_1_413' title='bbox 403 3140 677 3196; x_wconf 91' lang='lat' dir='ltr'>suppletum).</span> <span class='ocrx_word' id='word_1_414' title='bbox 746 3144 922 3183; x_wconf 88' lang='lat' dir='ltr'>Frustra</span> <span class='ocrx_word' id='word_1_415' title='bbox 958 3143 1097 3197; x_wconf 88' lang='lat' dir='ltr'>primo</span> <span class='ocrx_word' id='word_1_416' title='bbox 1137 3145 1418 3197; x_wconf 90' lang='lat' dir='ltr'>suspicionem</span> <span class='ocrx_word' id='word_1_417' title='bbox 1462 3145 1612 3184; x_wconf 83' lang='lat' dir='ltr'>falsam</span> <span class='ocrx_word' id='word_1_418' title='bbox 1656 3143 1802 3184; x_wconf 90' lang='lat' dir='ltr'>tollere</span> <span class='ocrx_word' id='word_1_419' title='bbox 1845 3149 2026 3183; x_wconf 69' lang='lat' dir='ltr'>conatur⁴</span> 
     </span>
     <span class='ocr_line' id='line_1_43' title="bbox 216 3209 2019 3267; baseline 0.003 -19"><span class='ocrx_word' id='word_1_420' title='bbox 216 3209 456 3253; x_wconf 89' lang='lat' dir='ltr'>Niceratus.</span> <span class='ocrx_word' id='word_1_421' title='bbox 495 3213 582 3252; x_wconf 91' lang='lat' dir='ltr'>Sed</span> <span class='ocrx_word' id='word_1_422' title='bbox 610 3226 705 3254; x_wconf 88' lang='lat' dir='ltr'>curn</span> <span class='ocrx_word' id='word_1_423' title='bbox 728 3214 899 3254; x_wconf 89' lang='lat' dir='ltr'>tandem</span> <span class='ocrx_word' id='word_1_424' title='bbox 918 3213 1200 3256; x_wconf 89' lang='lat' dir='ltr'>Phaedimum</span> <span class='ocrx_word' id='word_1_425' title='bbox 1225 3217 1512 3264; x_wconf 85' lang='lat' dir='ltr'>commoverit,</span> <span class='ocrx_word' id='word_1_426' title='bbox 1541 3222 1589 3256; x_wconf 92' lang='lat' dir='ltr'>ut</span> <span class='ocrx_word' id='word_1_427' title='bbox 1618 3228 1663 3255; x_wconf 92' lang='lat' dir='ltr'>se</span> <span class='ocrx_word' id='word_1_428' title='bbox 1692 3227 1780 3254; x_wconf 92' lang='lat' dir='ltr'>rem</span> <span class='ocrx_word' id='word_1_429' title='bbox 1812 3214 2019 3267; x_wconf 87' lang='lat' dir='ltr'>explicare</span> 
     </span>
     <span class='ocr_line' id='line_1_44' title="bbox 216 3280 2024 3341; baseline 0.002 -21"><span class='ocrx_word' id='word_1_430' title='bbox 216 3280 340 3330; x_wconf 83' lang='lat' dir='ltr'>sinat,</span> <span class='ocrx_word' id='word_1_431' title='bbox 370 3283 530 3324; x_wconf 88' lang='lat' dir='ltr'>accedit</span> <span class='ocrx_word' id='word_1_432' title='bbox 559 3285 614 3324; x_wconf 91' lang='lat' dir='ltr'>ad</span> <span class='ocrx_word' id='word_1_433' title='bbox 644 3297 716 3325; x_wconf 90' lang='lat' dir='ltr'>eos</span> <span class='ocrx_word' id='word_1_434' title='bbox 747 3284 1078 3335; x_wconf 84' lang='lat' dir='ltr'>Chaerestratus,</span> <span class='ocrx_word' id='word_1_435' title='bbox 1119 3299 1246 3339; x_wconf 91' lang='lat' dir='ltr'>quem</span> <span class='ocrx_word' id='word_1_436' title='bbox 1276 3287 1321 3327; x_wconf 89' lang='lat' dir='ltr'>in</span> <span class='ocrx_word' id='word_1_437' title='bbox 1349 3293 1518 3341; x_wconf 92' lang='lat' dir='ltr'>portum</span> <span class='ocrx_word' id='word_1_438' title='bbox 1547 3287 1717 3327; x_wconf 87' lang='lat' dir='ltr'>miserat</span> <span class='ocrx_word' id='word_1_439' title='bbox 1746 3284 2024 3336; x_wconf 90' lang='lat' dir='ltr'>Phaedimus,</span> 
     </span>
    </p>
   </div>
  </div>
 </body>
</html>
